@Article{HION-2018-02-witherratum,
    author         = "{ATLAS Collaboration}",
    title          = "{Measurements of \(W\) and \(Z\) boson production in \(pp\) collisions at \(\sqrt{s} = 5.02\,\text{TeV}\) with the ATLAS detector}",
    journal        = "Eur. Phys. J. C",
    volume         = "79",
    year           = "2019",
    pages          = "128",
    doi            = "10.1140/epjc/s10052-019-6622-x",
    reportNumber   = "CERN-EP-2018-259",
    eprint         = "1810.08424",
    archivePrefix  = "arXiv",
    primaryClass   = "hep-ex",
    addendum       = "Erratum: \href{http://dx.doi.org/10.1140/epjc/s10052-019-6870-9}{Eur. Phys. J. C \textbf{79} (2019) 374}",
}

@Article{HIGG-2016-16-witherratum,
    author         = "{ATLAS Collaboration}",
    title          = "{A search for resonant and non-resonant Higgs boson pair production in the \(b\bar{b} \tau^+\tau^-\) decay channel in \(pp\) collisions at \(\sqrt{s} = 13\,\text{TeV}\) with the ATLAS detector}",
    journal        = "Phys. Rev. Lett.",
    volume         = "121",
    year           = "2018",
    pages          = "191801",
    doi            = "10.1103/PhysRevLett.121.191801",
    reportNumber   = "CERN-EP-2018-164",
    eprint         = "1808.00336",
    archivePrefix  = "arXiv",
    primaryClass   = "hep-ex",
    addendum       = "Erratum: \href{http://dx.doi.org/10.1103/PhysRevLett.122.089901}{Phys. Rev. Lett. \textbf{122} (2019) 089901}",
}

@Article{EXOT-2016-10-witherratum,
    author         = "{ATLAS Collaboration}",
    title          = "{Search for heavy resonances decaying into a \(W\) or \(Z\) boson and a Higgs boson in final states with leptons and \(b\)-jets in \(36\,\text{fb}^{-1}\) of \(\sqrt{s} = 13\,\text{TeV}\) \(pp\) collisions with the ATLAS detector}",
    journal        = "JHEP",
    volume         = "03",
    year           = "2018",
    pages          = "174",
    doi            = "10.1007/JHEP03(2018)174",
    reportNumber   = "CERN-EP-2017-250",
    eprint         = "1712.06518",
    archivePrefix  = "arXiv",
    primaryClass   = "hep-ex",
    addendum       = "Erratum: \href{http://dx.doi.org/10.1007/JHEP11(2018)051}{JHEP \textbf{11} (2018) 051}",
}

@Article{SUSY-2016-14-witherratum,
    author         = "{ATLAS Collaboration}",
    title          = "{Search for supersymmetry in final states with two same-sign or three leptons and jets using \(36\,\text{fb}^{-1}\) of \(\sqrt{s} = 13\,\text{TeV}\) \(pp\) collision data with the ATLAS detector}",
    journal        = "JHEP",
    volume         = "09",
    year           = "2017",
    pages          = "084",
    doi            = "10.1007/JHEP09(2017)084",
    reportNumber   = "CERN-EP-2017-108",
    eprint         = "1706.03731",
    archivePrefix  = "arXiv",
    primaryClass   = "hep-ex",
    addendum       = "Erratum: \href{http://dx.doi.org/10.1007/JHEP08(2019)121}{JHEP \textbf{08} (2019) 121}",
}

@Article{PERF-2016-06-witherratum,
    author         = "{ATLAS Collaboration}",
    title          = "{Identification and rejection of pile-up jets at high pseudorapidity with the ATLAS detector}",
    journal        = "Eur. Phys. J. C",
    volume         = "77",
    year           = "2017",
    pages          = "580",
    doi            = "10.1140/epjc/s10052-017-5081-5",
    reportNumber   = "CERN-EP-2017-055",
    eprint         = "1705.02211",
    archivePrefix  = "arXiv",
    primaryClass   = "hep-ex",
    addendum       = "Erratum: \href{http://dx.doi.org/10.1140/epjc/s10052-017-5245-3}{Eur. Phys. J. C \textbf{77} (2017) 712}",
}

@Article{STDM-2014-18-witherratum,
    author         = "{ATLAS Collaboration}",
    title          = "{Measurement of the \(W\)-boson mass in \(pp\) collisions at \(\sqrt{s} = 7\,\text{TeV}\) with the ATLAS detector}",
    journal        = "Eur. Phys. J. C",
    volume         = "78",
    year           = "2018",
    pages          = "110",
    doi            = "10.1140/epjc/s10052-017-5475-4",
    reportNumber   = "CERN-EP-2016-305",
    eprint         = "1701.07240",
    archivePrefix  = "arXiv",
    primaryClass   = "hep-ex",
    addendum       = "Erratum: \href{http://dx.doi.org/10.1140/epjc/s10052-018-6354-3}{Eur. Phys. J. C \textbf{78} (2018) 898}",
}

@Article{TOPQ-2016-02-witherratum,
    author         = "{ATLAS Collaboration}",
    title          = "{Measurement of the \(W\) boson polarisation in \(t\bar{t}\) events from \(pp\) collisions at \(\sqrt{s} = 8\,\text{TeV}\) in the lepton+jets channel with ATLAS}",
    journal        = "Eur. Phys. J. C",
    volume         = "77",
    year           = "2017",
    pages          = "264",
    doi            = "10.1140/epjc/s10052-017-4819-4",
    eprint         = "1612.02577",
    archivePrefix  = "arXiv",
    primaryClass   = "hep-ex",
    addendum       = "Erratum: \href{http://dx.doi.org/10.1140/epjc/s10052-018-6520-7}{Eur. Phys. J. C \textbf{79} (2019) 19}",
}

@Article{TOPQ-2015-09-witherratum,
    author         = "{ATLAS Collaboration}",
    title          = "{Measurement of the \(t\bar{t}\) production cross-section using \(e\mu\) events with \(b\)-tagged jets in \(pp\) collisions at \(\sqrt{s} = 13\,\text{TeV}\) with the ATLAS detector}",
    journal        = "Phys. Lett. B",
    volume         = "761",
    year           = "2016",
    pages          = "136",
    doi            = "10.1016/j.physletb.2016.08.019",
    reportNumber   = "CERN-EP-2016-088",
    eprint         = "1606.02699",
    archivePrefix  = "arXiv",
    primaryClass   = "hep-ex",
    addendum       = "Erratum: \href{http://dx.doi.org/10.1016/j.physletb.2017.09.027}{Phys. Lett. B \textbf{772} (2017) 879}",
}

@Article{EXOT-2015-01-witherratum,
    author         = "{ATLAS Collaboration}",
    title          = "{A search for an excited muon decaying to a muon and two jets in \(pp\) collisions at \(\sqrt{s} = 8\,\text{TeV}\) with the ATLAS detector}",
    journal        = "New J. Phys.",
    volume         = "18",
    year           = "2016",
    pages          = "073021",
    doi            = "10.1088/1367-2630/18/7/073021",
    reportNumber   = "CERN-PH-EP-2015-298",
    eprint         = "1601.05627",
    archivePrefix  = "arXiv",
    primaryClass   = "hep-ex",
    addendum       = "Erratum: \href{http://dx.doi.org/10.1088/1367-2630/ab46ed}{New J. Phys. \textbf{21} (2019) 109501}",
}

@Article{TOPQ-2014-16-witherratum,
    author         = "{ATLAS Collaboration}",
    title          = "{Measurement of the charge asymmetry in top-quark pair production in the lepton-plus-jets final state in \(pp\) collision data at \(\sqrt{s} = 8\,\text{TeV}\) with the ATLAS detector}",
    journal        = "Eur. Phys. J. C",
    volume         = "76",
    year           = "2016",
    pages          = "87",
    doi            = "10.1140/epjc/s10052-016-3910-6",
    reportNumber   = "CERN-PH-EP-2015-217",
    eprint         = "1509.02358",
    archivePrefix  = "arXiv",
    primaryClass   = "hep-ex",
    addendum       = "Erratum: \href{http://dx.doi.org/10.1140/epjc/s10052-017-5089-x}{Eur. Phys. J. C \textbf{77} (2017) 564}",
}

@Article{HIGG-2013-17-witherratum,
    author         = "{ATLAS Collaboration}",
    title          = "{Study of the spin and parity of the Higgs boson in diboson decays with the ATLAS detector}",
    journal        = "Eur. Phys. J. C",
    volume         = "75",
    year           = "2015",
    pages          = "476",
    doi            = "10.1140/epjc/s10052-015-3685-1",
    reportNumber   = "CERN-PH-EP-2015-114",
    eprint         = "1506.05669",
    archivePrefix  = "arXiv",
    primaryClass   = "hep-ex",
    addendum       = "Erratum: \href{http://dx.doi.org/10.1140/epjc/s10052-016-3934-y}{Eur. Phys. J. C \textbf{76} (2016) 152}",
}

@Article{EXOT-2013-01-witherratum,
    author         = "{ATLAS Collaboration}",
    title          = "{Search for production of \(WW/WZ\) resonances decaying to a lepton, neutrino and jets in \(pp\) collisions at \(\sqrt{s} = 8\,\text{TeV}\) with the ATLAS detector}",
    journal        = "Eur. Phys. J. C",
    volume         = "75",
    year           = "2015",
    pages          = "209",
    doi            = "10.1140/epjc/s10052-015-3425-6",
    reportNumber   = "CERN-PH-EP-2015-044",
    eprint         = "1503.04677",
    archivePrefix  = "arXiv",
    primaryClass   = "hep-ex",
    addendum       = "Erratum: \href{http://dx.doi.org/10.1140/epjc/s10052-015-3593-4}{Eur. Phys. J. C \textbf{75} (2015) 370}",
}

@Article{SUSY-2014-10-witherratum,
    author         = "{ATLAS Collaboration}",
    title          = "{Search for supersymmetry in events containing a same-flavour opposite-sign dilepton pair, jets, and large missing transverse momentum in \(\sqrt{s} = 8\,\text{TeV}\) \(pp\) collisions with the ATLAS detector}",
    journal        = "Eur. Phys. J. C",
    volume         = "75",
    year           = "2015",
    pages          = "318",
    doi            = "10.1140/epjc/s10052-015-3518-2",
    reportNumber   = "CERN-PH-EP-2015-038",
    eprint         = "1503.03290",
    archivePrefix  = "arXiv",
    primaryClass   = "hep-ex",
    addendum       = "Erratum: \href{http://dx.doi.org/10.1140/epjc/s10052-015-3661-9}{Eur. Phys. J. C \textbf{75} (2015) 463}",
}

@Article{SUSY-2013-07-witherratum,
    author         = "{ATLAS Collaboration}",
    title          = "{Search for massive supersymmetric particles decaying to many jets using the ATLAS detector in \(pp\) collisions at \(\sqrt{s} = 8\,\text{TeV}\)}",
    journal        = "Phys. Rev. D",
    volume         = "91",
    year           = "2015",
    pages          = "112016",
    doi            = "10.1103/PhysRevD.91.112016",
    reportNumber   = "CERN-PH-EP-2015-020",
    eprint         = "1502.05686",
    archivePrefix  = "arXiv",
    primaryClass   = "hep-ex",
    addendum       = "Erratum: \href{http://dx.doi.org/10.1103/PhysRevD.93.039901}{Phys. Rev. D \textbf{93} (2016) 039901}",
}

@Article{EXOT-2013-13-witherratum,
    author         = "{ATLAS Collaboration}",
    title          = "{Search for new phenomena in final states with an energetic jet and large missing transverse momentum in \(pp\) collisions at \(\sqrt{s} = 8\,\text{TeV}\) with the ATLAS detector}",
    journal        = "Eur. Phys. J. C",
    volume         = "75",
    year           = "2015",
    pages          = "299",
    doi            = "10.1140/epjc/s10052-015-3517-3",
    reportNumber   = "CERN-PH-EP-2014-299",
    eprint         = "1502.01518",
    archivePrefix  = "arXiv",
    primaryClass   = "hep-ex",
    addendum       = "Erratum: \href{http://dx.doi.org/10.1140/epjc/s10052-015-3639-7}{Eur. Phys. J. C \textbf{75} (2015) 408}",
}

@Article{EXOT-2014-06-witherratum,
    author         = "{ATLAS Collaboration}",
    title          = "{Search for new phenomena in events with a photon and missing transverse momentum in \(pp\) collisions at \(\sqrt{s} = 8\,\text{TeV}\) with the ATLAS detector}",
    journal        = "Phys. Rev. D",
    volume         = "91",
    year           = "2015",
    pages          = "012008",
    doi            = "10.1103/PhysRevD.91.012008",
    reportNumber   = "CERN-PH-EP-2014-245",
    eprint         = "1411.1559",
    archivePrefix  = "arXiv",
    primaryClass   = "hep-ex",
    addendum       = "Erratum: \href{http://dx.doi.org/10.1103/PhysRevD.92.059903}{Phys. Rev. D \textbf{92} (2015) 059903}",
}

@Article{STDM-2013-11-witherratum,
    author         = "{ATLAS Collaboration}",
    title          = "{Measurement of the inclusive jet cross-section in proton--proton collisions at \(\sqrt{s} = 7\,\text{TeV}\) using \(4.5\,\text{fb}^{-1}\) of data with the ATLAS detector}",
    journal        = "JHEP",
    volume         = "02",
    year           = "2015",
    pages          = "153",
    doi            = "10.1007/JHEP02(2015)153",
    reportNumber   = "CERN-PH-EP-2014-155",
    eprint         = "1410.8857",
    archivePrefix  = "arXiv",
    primaryClass   = "hep-ex",
    addendum       = "Erratum: \href{http://dx.doi.org/10.1007/JHEP09(2015)141}{JHEP \textbf{09} (2015) 141}",
}

@Article{TOPQ-2013-04-withaddendum,
    author         = "{ATLAS Collaboration}",
    title          = "{Measurement of the \(t\bar{t}\) production cross-section using \(e\mu\) events with \(b\)-tagged jets in \(pp\) collisions at \(\sqrt{s} = 7\) and \(8\,\text{TeV}\) with the ATLAS detector}",
    journal        = "Eur. Phys. J. C",
    volume         = "74",
    year           = "2014",
    pages          = "3109",
    doi            = "10.1140/epjc/s10052-014-3109-7",
    reportNumber   = "CERN-PH-EP-2014-124",
    eprint         = "1406.5375",
    archivePrefix  = "arXiv",
    primaryClass   = "hep-ex",
    addendum       = "Addendum: \href{http://dx.doi.org/10.1140/epjc/s10052-016-4501-2}{Eur. Phys. J. C \textbf{76} (2016) 642}",
}

@Article{SUSY-2013-04-witherratum,
    author         = "{ATLAS Collaboration}",
    title          = "{Search for new phenomena in final states with large jet multiplicities and missing transverse momentum at \(\sqrt{s} = 8\,\text{TeV}\) proton--proton collisions using the ATLAS experiment}",
    journal        = "JHEP",
    volume         = "10",
    year           = "2013",
    pages          = "130",
    doi            = "10.1007/JHEP10(2013)130",
    reportNumber   = "CERN-PH-EP-2013-110",
    eprint         = "1308.1841",
    archivePrefix  = "arXiv",
    primaryClass   = "hep-ex",
    addendum       = "Erratum: \href{http://dx.doi.org/10.1007/JHEP01(2014)109}{JHEP \textbf{01} (2014) 109}",
}

@Article{HIGG-2013-02-witherratum,
    author         = "{ATLAS Collaboration}",
    title          = "{Measurements of Higgs boson production and couplings in diboson final states with the ATLAS detector at the LHC}",
    journal        = "Phys. Lett. B",
    volume         = "726",
    year           = "2013",
    pages          = "88",
    doi            = "10.1016/j.physletb.2013.08.010",
    reportNumber   = "CERN-PH-EP-2013-103",
    eprint         = "1307.1427",
    archivePrefix  = "arXiv",
    primaryClass   = "hep-ex",
    addendum       = "Erratum: \href{http://dx.doi.org/10.1016/j.physletb.2014.05.011}{Phys. Lett. B \textbf{734} (2014) 406}",
}

@Article{STDM-2012-07-witherratum,
    author         = "{ATLAS Collaboration}",
    title          = "{Measurements of \(W\gamma\) and \(Z\gamma\) production in \(pp\) collisions at \(\sqrt{s} = 7\,\text{TeV}\) with the ATLAS detector at the LHC}",
    journal        = "Phys. Rev. D",
    volume         = "87",
    year           = "2013",
    pages          = "112003",
    doi            = "10.1103/PhysRevD.87.112003",
    reportNumber   = "CERN-PH-EP-2012-345",
    eprint         = "1302.1283",
    archivePrefix  = "arXiv",
    primaryClass   = "hep-ex",
    addendum       = "Erratum: \href{http://dx.doi.org/10.1103/PhysRevD.91.119901}{Phys. Rev. D \textbf{91} (2015) 119901}",
}

@Article{STDM-2012-01-witherratum,
    author         = "{ATLAS Collaboration}",
    title          = "{Measurement of \(W^+W^-\) production in \(pp\) collisions at \(\sqrt{s} = 7\,\text{TeV}\) with the ATLAS detector and limits on anomalous \(WWZ\) and \(WW\gamma\) couplings}",
    journal        = "Phys. Rev. D",
    volume         = "87",
    year           = "2013",
    pages          = "112001",
    doi            = "10.1103/PhysRevD.87.112001",
    reportNumber   = "CERN-PH-EP-2012-242",
    eprint         = "1210.2979",
    archivePrefix  = "arXiv",
    primaryClass   = "hep-ex",
    addendum       = "Erratum: \href{http://dx.doi.org/10.1103/PhysRevD.88.079906}{Phys. Rev. D \textbf{88} (2013) 079906}",
}

@Article{EXOT-2011-17-witherratum,
    author         = "{ATLAS Collaboration}",
    title          = "{Search for first generation scalar leptoquarks in \(pp\) collisions at \(\sqrt{s} = 7\,\text{TeV}\) with the ATLAS detector}",
    journal        = "Phys. Lett. B",
    volume         = "709",
    year           = "2012",
    pages          = "158",
    doi            = "10.1016/j.physletb.2012.02.004",
    reportNumber   = "CERN-PH-EP-2011-202",
    eprint         = "1112.4828",
    archivePrefix  = "arXiv",
    primaryClass   = "hep-ex",
    addendum       = "Erratum: \href{http://dx.doi.org/10.1016/j.physletb.2012.03.023}{Phys. Lett. B \textbf{711} (2012) 442}",
}

