% Created on 2020-10-15 11:52:13
% Note that this file can be overwritten when atlaslatex is updated.

@Booklet{ATL-LARG-PUB-2008-002,
    author         = "Lampl, Walter and others",
    title          = "{Calorimeter Clustering Algorithms: Description and Performance}",
    howpublished   = "{ATL-LARG-PUB-2008-002}",
    url            = "https://cds.cern.ch/record/1099735",
    year           = "2008",
}

@Booklet{ATL-PHYS-PUB-2009-001,
    author         = "{ATLAS Collaboration}",
    title          = "{Prospects for associated single top quark production cross section measurements in the dilepton decay mode with ATLAS}",
    howpublished   = "{ATL-PHYS-PUB-2009-001}",
    url            = "https://cds.cern.ch/record/1161128",
    year           = "2009",
}

@Booklet{ATL-PHYS-PUB-2009-011,
    author         = "{ATLAS Collaboration}",
    title          = "{Search for highly-excited string states with ATLAS}",
    howpublished   = "{ATL-PHYS-PUB-2009-011}",
    url            = "https://cds.cern.ch/record/1167960",
    year           = "2009",
}

@Booklet{ATL-PHYS-PUB-2009-075,
    author         = "{ATLAS Collaboration}",
    title          = "{Discovery Potential for Supersymmetry with \(b\)-jet Final States with the ATLAS detector}",
    howpublished   = "{ATL-PHYS-PUB-2009-075}",
    url            = "https://cds.cern.ch/record/1170698",
    year           = "2009",
}

@Booklet{ATL-PHYS-PUB-2009-076,
    author         = "{ATLAS Collaboration}",
    title          = "{A method for discovering heavy particles decaying into single boosted jets with substructure using the \(k_{\perp}\) algorithm}",
    howpublished   = "{ATL-PHYS-PUB-2009-076}",
    url            = "https://cds.cern.ch/record/1177832",
    year           = "2009",
}

@Booklet{ATL-PHYS-PUB-2009-077,
    author         = "{ATLAS Collaboration}",
    title          = "{Background Estimation for Inclusive SUSY Searches - The Tiles Method}",
    howpublished   = "{ATL-PHYS-PUB-2009-077}",
    url            = "https://cds.cern.ch/record/1177160",
    year           = "2009",
}

@Booklet{ATL-PHYS-PUB-2009-078,
    author         = "{ATLAS Collaboration}",
    title          = "{Measuring \(WZ\) longitudinal polarization with the ATLAS detector}",
    howpublished   = "{ATL-PHYS-PUB-2009-078}",
    url            = "https://cds.cern.ch/record/1165086",
    year           = "2009",
}

@Booklet{ATL-PHYS-PUB-2009-079,
    author         = "{ATLAS Collaboration}",
    title          = "{ATLAS searches for MSSM Higgs bosons decaying into SUSY cascades}",
    howpublished   = "{ATL-PHYS-PUB-2009-079}",
    url            = "https://cds.cern.ch/record/1165535",
    year           = "2009",
}

@Booklet{ATL-PHYS-PUB-2009-080,
    author         = "{ATLAS Collaboration}",
    title          = "{The Impact of Inner Detector Misalignments on Selected Physics Processes}",
    howpublished   = "{ATL-PHYS-PUB-2009-080}",
    url            = "https://cds.cern.ch/record/1178860",
    year           = "2009",
}

@Booklet{ATL-PHYS-PUB-2009-081,
    author         = "{ATLAS Collaboration}",
    title          = "{Reconstruction of High-Mass \(t\bar{t}\)  Resonances in the Lepton+Jets Channel}",
    howpublished   = "{ATL-PHYS-PUB-2009-081}",
    url            = "https://cds.cern.ch/record/1177410",
    year           = "2009",
}

@Booklet{ATL-PHYS-PUB-2009-082,
    author         = "{ATLAS Collaboration}",
    title          = "{Triggering on Long-Lived Neutral Particles in the ATLAS Detector}",
    howpublished   = "{ATL-PHYS-PUB-2009-082}",
    url            = "https://cds.cern.ch/record/1175196",
    year           = "2009",
}

@Booklet{ATL-PHYS-PUB-2009-083,
    author         = "{ATLAS Collaboration}",
    title          = "{Data-Driven Determination of \(t\bar{t}\)  Background to Supersymmetry Searches in ATLAS}",
    howpublished   = "{ATL-PHYS-PUB-2009-083}",
    url            = "https://cds.cern.ch/record/1190215",
    year           = "2009",
}

@Booklet{ATL-PHYS-PUB-2009-084,
    author         = "{ATLAS Collaboration}",
    title          = "{Prospects for Supersymmetry and Universal Extra Dimensions discovery based on inclusive searches at a \(10~\text{TeV}\) centre-of-mass energy with the ATLAS detector }",
    howpublished   = "{ATL-PHYS-PUB-2009-084}",
    url            = "https://cds.cern.ch/record/1191916",
    year           = "2009",
}

@Booklet{ATL-PHYS-PUB-2009-085,
    author         = "{ATLAS Collaboration}",
    title          = "{Searching for Supersymmetry with two same-sign leptons, multi-jets plus missing transverse energy in ATLAS at \(\sqrt{s} = 10~\text{TeV}\)}",
    howpublished   = "{ATL-PHYS-PUB-2009-085}",
    url            = "https://cds.cern.ch/record/1200151",
    year           = "2009",
}

@Booklet{ATL-PHYS-PUB-2009-086,
    author         = "{ATLAS Collaboration}",
    title          = "{Prospects for measuring top pair production in the dilepton channel with early ATLAS data at \(\sqrt{s} = 10~\text{TeV}\)}",
    howpublished   = "{ATL-PHYS-PUB-2009-086}",
    url            = "https://cds.cern.ch/record/1200287",
    year           = "2009",
}

@Booklet{ATL-PHYS-PUB-2009-087,
    author         = "{ATLAS Collaboration}",
    title          = "{Prospects for the Top Pair Production Cross-section at \(\sqrt{s} = 10~\text{TeV}\) in the Single Lepton Channel in ATLAS}",
    howpublished   = "{ATL-PHYS-PUB-2009-087}",
    url            = "https://cds.cern.ch/record/1200436",
    year           = "2009",
}

@Booklet{ATL-PHYS-PUB-2009-088,
    author         = "{ATLAS Collaboration}",
    title          = "{ATLAS Sensitivity to the Standard Model Higgs in the \(HW\) and \(HZ\) Channels at High Transverse Momenta}",
    howpublished   = "{ATL-PHYS-PUB-2009-088}",
    url            = "https://cds.cern.ch/record/1201444",
    year           = "2009",
}

@Booklet{ATL-PHYS-PUB-2009-089,
    author         = "{ATLAS Collaboration}",
    title          = "{Expected performance of the ATLAS detector in GMSB models with \(\tau\) final states}",
    howpublished   = "{ATL-PHYS-PUB-2009-089}",
    url            = "https://cds.cern.ch/record/1222126",
    year           = "2009",
}

@Booklet{ATL-PHYS-PUB-2010-001,
    author         = "{ATLAS Collaboration}",
    title          = "{Cut-based Identification of Hadronic \(\tau\) Decays in Early ATLAS Data}",
    howpublished   = "{ATL-PHYS-PUB-2010-001}",
    url            = "https://cds.cern.ch/record/1233743",
    year           = "2010",
}

@Booklet{ATL-PHYS-PUB-2010-002,
    author         = "{ATLAS Collaboration}",
    title          = "{ATLAS Monte Carlo tunes for MC09}",
    howpublished   = "{ATL-PHYS-PUB-2010-002}",
    url            = "https://cds.cern.ch/record/1247375",
    year           = "2010",
}

@Booklet{ATL-PHYS-PUB-2010-003,
    author         = "{ATLAS Collaboration}",
    title          = "{Strategy to Search for Single-Top Events using early Data of the ATLAS Detector at the LHC}",
    howpublished   = "{ATL-PHYS-PUB-2010-003}",
    url            = "https://cds.cern.ch/record/1265835",
    year           = "2010",
}

@Booklet{ATL-PHYS-PUB-2010-004,
    author         = "{ATLAS Collaboration}",
    title          = "{Prospects for the Measurement of the Top-Quark Mass using the Template Method with early ATLAS Data}",
    howpublished   = "{ATL-PHYS-PUB-2010-004}",
    url            = "https://cds.cern.ch/record/1267950",
    year           = "2010",
}

@Booklet{ATL-PHYS-PUB-2010-005,
    author         = "{ATLAS Collaboration}",
    title          = "{Prospects for Higgs boson searches using the \(H \rightarrow WW^{(*)} \rightarrow \ell\nu\ell\nu\) decay mode with the ATLAS detector at \(10~\text{TeV}\)}",
    howpublished   = "{ATL-PHYS-PUB-2010-005}",
    url            = "https://cds.cern.ch/record/1270568",
    year           = "2010",
}

@Booklet{ATL-PHYS-PUB-2010-006,
    author         = "{ATLAS Collaboration}",
    title          = "{Expected Sensitivity in Light Charged Higgs Boson Searches for \(H^{+} \to \tau^{+}\nu\) and \(H^{+} \to c\bar{s}\) in Early LHC Data at the ATLAS Experiment}",
    howpublished   = "{ATL-PHYS-PUB-2010-006}",
    url            = "https://cds.cern.ch/record/1272425",
    year           = "2010",
}

@Booklet{ATL-PHYS-PUB-2010-007,
    author         = "{ATLAS Collaboration}",
    title          = "{ATLAS sensitivity prospects to \(W'\) and \(Z'\) in the decay channels \(W' \rightarrow \ell \nu\) and \(Z' \rightarrow \ell^+\ell^-\) at \(\sqrt{s} = 7~\text{TeV}\)}",
    howpublished   = "{ATL-PHYS-PUB-2010-007}",
    url            = "https://cds.cern.ch/record/1277012",
    year           = "2010",
}

@Booklet{ATL-PHYS-PUB-2010-008,
    author         = "{ATLAS Collaboration}",
    title          = "{Prospects for early \(t\bar{t}\) resonance searches in ATLAS}",
    howpublished   = "{ATL-PHYS-PUB-2010-008}",
    url            = "https://cds.cern.ch/record/1278454",
    year           = "2010",
}

@Booklet{ATL-PHYS-PUB-2010-009,
    author         = "{ATLAS Collaboration}",
    title          = "{ATLAS Sensitivity Prospects for Higgs Boson Production at the LHC Running at \(7~\text{TeV}\)}",
    howpublished   = "{ATL-PHYS-PUB-2010-009}",
    url            = "https://cds.cern.ch/record/1278455",
    year           = "2010",
}

@Booklet{ATL-PHYS-PUB-2010-010,
    author         = "{ATLAS Collaboration}",
    title          = "{Prospects for Supersymmetry discovery based on inclusive searches at a  \(7~\text{TeV}\) centre-of-mass energy with the ATLAS detector}",
    howpublished   = "{ATL-PHYS-PUB-2010-010}",
    url            = "https://cds.cern.ch/record/1278474",
    year           = "2010",
}

@Booklet{ATL-PHYS-PUB-2010-011,
    author         = "{ATLAS Collaboration}",
    title          = "{Discovery Potential of \(A/H \rightarrow \tau^{+} \tau^{-} \rightarrow \ell h\) in ATLAS}",
    howpublished   = "{ATL-PHYS-PUB-2010-011}",
    url            = "https://cds.cern.ch/record/1279115",
    year           = "2010",
}

@Booklet{ATL-PHYS-PUB-2010-012,
    author         = "{ATLAS Collaboration}",
    title          = "{Expected event distributions for early top pair candidates in ATLAS at \(\sqrt{s} = 7~\text{TeV}\)}",
    howpublished   = "{ATL-PHYS-PUB-2010-012}",
    url            = "https://cds.cern.ch/record/1279118",
    year           = "2010",
}

@Booklet{ATL-PHYS-PUB-2010-013,
    author         = "{ATLAS Collaboration}",
    title          = "{The simulation principle and performance of the ATLAS fast calorimeter simulation FastCaloSim}",
    howpublished   = "{ATL-PHYS-PUB-2010-013}",
    url            = "https://cds.cern.ch/record/1300517",
    year           = "2010",
}

@Booklet{ATL-PHYS-PUB-2010-014,
    author         = "{ATLAS Collaboration}",
    title          = "{First tuning of HERWIG/JIMMY to ATLAS data}",
    howpublished   = "{ATL-PHYS-PUB-2010-014}",
    url            = "https://cds.cern.ch/record/1303025",
    year           = "2010",
}

@Booklet{ATL-PHYS-PUB-2010-015,
    author         = "{ATLAS Collaboration}",
    title          = "{ATLAS Sensitivity Prospects for Higgs Boson Production at the LHC Running at \(7\), \(8\) or \(9~\text{TeV}\)}",
    howpublished   = "{ATL-PHYS-PUB-2010-015}",
    url            = "https://cds.cern.ch/record/1303604",
    year           = "2010",
}

@Booklet{ATL-PHYS-PUB-2011-001,
    author         = "{ATLAS Collaboration}",
    title          = "{Further investigations of ATLAS Sensitivity to Higgs Boson Production in different assumed LHC scenarios}",
    howpublished   = "{ATL-PHYS-PUB-2011-001}",
    url            = "https://cds.cern.ch/record/1323856",
    year           = "2011",
}

@Booklet{ATL-PHYS-PUB-2011-002,
    author         = "{ATLAS Collaboration}",
    title          = "{Physics potential of \(Z'\) and \(W'\) searches with the ATLAS Detector as a function of the LHC center-of-mass energy}",
    howpublished   = "{ATL-PHYS-PUB-2011-002}",
    url            = "https://cds.cern.ch/record/1323860",
    year           = "2011",
}

@Booklet{ATL-PHYS-PUB-2011-003,
    author         = "{ATLAS Collaboration}",
    title          = "{Simple extrapolations for supersymmetry discovery limits at different LHC centre-of-mass energies and luminosities, based on inclusive searches with the ATLAS detector}",
    howpublished   = "{ATL-PHYS-PUB-2011-003}",
    url            = "https://cds.cern.ch/record/1323868",
    year           = "2011",
}

@Booklet{ATL-PHYS-PUB-2011-004,
    author         = "{ATLAS Collaboration}",
    title          = "{ATLAS top physics potential as a function of LHC integrated luminosity}",
    howpublished   = "{ATL-PHYS-PUB-2011-004}",
    url            = "https://cds.cern.ch/record/1323895",
    year           = "2011",
}

@Booklet{ATL-PHYS-PUB-2011-005,
    author         = "{ATLAS Collaboration}",
    title          = "{Comparisons of the measured inclusive jet cross section to a selection of NLO QCD predictions, and a study of the parton content of the calculations}",
    howpublished   = "{ATL-PHYS-PUB-2011-005}",
    url            = "https://cds.cern.ch/record/1344075",
    year           = "2011",
}

@Booklet{ATL-PHYS-PUB-2011-006,
    author         = "{ATLAS Collaboration}",
    title          = "{Expected electron performance in the ATLAS experiment}",
    howpublished   = "{ATL-PHYS-PUB-2011-006}",
    url            = "https://cds.cern.ch/record/1345327",
    year           = "2011",
}

@Booklet{ATL-PHYS-PUB-2011-007,
    author         = "{ATLAS Collaboration}",
    title          = "{Expected photon performance in the ATLAS experiment}",
    howpublished   = "{ATL-PHYS-PUB-2011-007}",
    url            = "https://cds.cern.ch/record/1345329",
    year           = "2011",
}

@Booklet{ATL-PHYS-PUB-2011-008,
    author         = "{ATLAS Collaboration}",
    title          = "{New ATLAS event generator tunes to 2010 data}",
    howpublished   = "{ATL-PHYS-PUB-2011-008}",
    url            = "https://cds.cern.ch/record/1345343",
    year           = "2011",
}

@Booklet{ATL-PHYS-PUB-2011-009,
    author         = "{ATLAS Collaboration}",
    title          = "{ATLAS tunes of \textsc{Pythia} 6 and Pythia 8 for MC11}",
    howpublished   = "{ATL-PHYS-PUB-2011-009}",
    url            = "https://cds.cern.ch/record/1363300",
    year           = "2011",
}

@Booklet{ATL-PHYS-PUB-2011-010,
    author         = "{ATLAS Collaboration}",
    title          = "{Jet Shapes in ATLAS and Monte Carlo modeling}",
    howpublished   = "{ATL-PHYS-PUB-2011-010}",
    url            = "https://cds.cern.ch/record/1368881",
    year           = "2011",
}

@Booklet{ATL-PHYS-PUB-2011-011,
    author         = "{ATLAS Collaboration}",
    title          = "{Procedure for the LHC Higgs boson search combination in summer 2011}",
    howpublished   = "{ATL-PHYS-PUB-2011-011}",
    url            = "https://cds.cern.ch/record/1375842",
    year           = "2011",
}

@Booklet{ATL-PHYS-PUB-2011-012,
    author         = "{ATLAS Collaboration}",
    title          = "{Comparison of \(D^{(*)}\) meson production cross sections with FONLL and GM-VFNS predictions}",
    howpublished   = "{ATL-PHYS-PUB-2011-012}",
    url            = "https://cds.cern.ch/record/1378479",
    year           = "2011",
}

@Booklet{ATL-PHYS-PUB-2011-013,
    author         = "{ATLAS Collaboration}",
    title          = "{Compiled measurements of the inclusive isolated prompt photon cross section in \(pp\) collisions at \(\sqrt{s} = 7~\text{TeV}\) with the ATLAS detector}",
    howpublished   = "{ATL-PHYS-PUB-2011-013}",
    url            = "https://cds.cern.ch/record/1395049",
    year           = "2011",
}

@Booklet{ATL-PHYS-PUB-2011-014,
    author         = "{ATLAS Collaboration}",
    title          = "{Further ATLAS tunes of \textsc{Pythia}~6 and Pythia~8}",
    howpublished   = "{ATL-PHYS-PUB-2011-014}",
    url            = "https://cds.cern.ch/record/1400677",
    year           = "2011",
}

@Booklet{ATL-PHYS-PUB-2011-015,
    author         = "{ATLAS Collaboration}",
    title          = "{Studies of vector boson transverse momentum simulation in Monte Carlo event generators}",
    howpublished   = "{ATL-PHYS-PUB-2011-015}",
    url            = "https://cds.cern.ch/record/1402508",
    year           = "2011",
}

@Booklet{ATL-PHYS-PUB-2012-001,
    author         = "{ATLAS Collaboration}",
    title          = "{Physics at a High-Luminosity LHC with ATLAS}",
    howpublished   = "{ATL-PHYS-PUB-2012-001}",
    url            = "https://cds.cern.ch/record/1472518",
    year           = "2012",
}

@Booklet{ATL-PHYS-PUB-2012-002,
    author         = "{ATLAS Collaboration}",
    title          = "{Future of the ATLAS heavy ion program}",
    howpublished   = "{ATL-PHYS-PUB-2012-002}",
    url            = "https://cds.cern.ch/record/1472528",
    year           = "2012",
}

@Booklet{ATL-PHYS-PUB-2012-003,
    author         = "{ATLAS Collaboration}",
    title          = "{Summary of ATLAS Pythia 8 tunes}",
    howpublished   = "{ATL-PHYS-PUB-2012-003}",
    url            = "https://cds.cern.ch/record/1474107",
    year           = "2012",
}

@Booklet{ATL-PHYS-PUB-2012-004,
    author         = "{ATLAS Collaboration}",
    title          = "{Physics at a High-Luminosity LHC with ATLAS (Update)}",
    howpublished   = "{ATL-PHYS-PUB-2012-004}",
    url            = "https://cds.cern.ch/record/1484890",
    year           = "2012",
}

@Booklet{ATL-PHYS-PUB-2012-005,
    author         = "{ATLAS Collaboration}",
    title          = "{Studies of Vector Boson Scattering with an Upgraded ATLAS Detector at a High-Luminosity LHC}",
    howpublished   = "{ATL-PHYS-PUB-2012-005}",
    url            = "https://cds.cern.ch/record/1496527",
    year           = "2012",
}

@Booklet{ATL-DAQ-PUB-2013-002,
    author         = "{ATLAS Collaboration}",
    title          = "{Studies for the development of the Inner Detector trigger algorithms at ATLAS}",
    howpublished   = "{ATL-DAQ-PUB-2013-002}",
    url            = "https://cds.cern.ch/record/1602918",
    year           = "2013",
}

@Booklet{ATL-PHYS-PUB-2013-001,
    author         = "{ATLAS Collaboration}",
    title          = "{Studies of the ATLAS potential for Higgs self-coupling measurements at a High Luminosity LHC}",
    howpublished   = "{ATL-PHYS-PUB-2013-001}",
    url            = "https://cds.cern.ch/record/1507263",
    year           = "2013",
}

@Booklet{ATL-PHYS-PUB-2013-002,
    author         = "{ATLAS Collaboration}",
    title          = "{Searches for Supersymmetry at the high luminosity LHC with the ATLAS Detector}",
    howpublished   = "{ATL-PHYS-PUB-2013-002}",
    url            = "https://cds.cern.ch/record/1512933",
    year           = "2013",
}

@Booklet{ATL-PHYS-PUB-2013-003,
    author         = "{ATLAS Collaboration}",
    title          = "{Studies of Sensitivity to New Dilepton and Ditop Resonances with an Upgraded ATLAS Detector at a High-Luminosity LHC}",
    howpublished   = "{ATL-PHYS-PUB-2013-003}",
    url            = "https://cds.cern.ch/record/1516108",
    year           = "2013",
}

@Booklet{ATL-PHYS-PUB-2013-004,
    author         = "{ATLAS Collaboration}",
    title          = "{Performance assumptions for an upgraded ATLAS detector at a High-Luminosity LHC}",
    howpublished   = "{ATL-PHYS-PUB-2013-004}",
    url            = "https://cds.cern.ch/record/1527529",
    year           = "2013",
}

@Booklet{ATL-PHYS-PUB-2013-005,
    author         = "{ATLAS Collaboration}",
    title          = "{Monte Carlo generator comparisons to ATLAS measurements constraining QCD radiation in top anti-top final states}",
    howpublished   = "{ATL-PHYS-PUB-2013-005}",
    url            = "https://cds.cern.ch/record/1532067",
    year           = "2013",
}

@Booklet{ATL-PHYS-PUB-2013-006,
    author         = "{ATLAS Collaboration}",
    title          = "{Studies of Vector Boson Scattering And Triboson Production with an Upgraded ATLAS Detector at a High-Luminosity LHC}",
    howpublished   = "{ATL-PHYS-PUB-2013-006}",
    url            = "https://cds.cern.ch/record/1558703",
    year           = "2013",
}

@Booklet{ATL-PHYS-PUB-2013-007,
    author         = "{ATLAS Collaboration}",
    title          = "{Physics at a High-Luminosity LHC with ATLAS}",
    howpublished   = "{ATL-PHYS-PUB-2013-007}",
    url            = "https://cds.cern.ch/record/1564937",
    year           = "2013",
}

@Booklet{ATL-PHYS-PUB-2013-008,
    author         = "{ATLAS Collaboration}",
    title          = "{Comparison of selected ATLAS top pair differential cross section measurements to NLO QCD predictions}",
    howpublished   = "{ATL-PHYS-PUB-2013-008}",
    url            = "https://cds.cern.ch/record/1568552",
    year           = "2013",
}

@Booklet{ATL-PHYS-PUB-2013-009,
    author         = "{ATLAS Collaboration}",
    title          = "{Performance assumptions based on full simulation for an upgraded ATLAS detector at a High-Luminosity LHC}",
    howpublished   = "{ATL-PHYS-PUB-2013-009}",
    url            = "https://cds.cern.ch/record/1604420",
    year           = "2013",
}

@Booklet{ATL-PHYS-PUB-2013-010,
    author         = "{ATLAS Collaboration}",
    title          = "{ATLAS B-physics studies at increased LHC luminosity, potential for CP-violation measurement in the \(B^{0}_{s} \rightarrow J/\psi \phi\) decay}",
    howpublished   = "{ATL-PHYS-PUB-2013-010}",
    url            = "https://cds.cern.ch/record/1604429",
    year           = "2013",
}

@Booklet{ATL-PHYS-PUB-2013-011,
    author         = "{ATLAS Collaboration}",
    title          = "{Prospects for benchmark Supersymmetry searches at the high luminosity LHC with the ATLAS Detector}",
    howpublished   = "{ATL-PHYS-PUB-2013-011}",
    url            = "https://cds.cern.ch/record/1604505",
    year           = "2013",
}

@Booklet{ATL-PHYS-PUB-2013-012,
    author         = "{ATLAS Collaboration}",
    title          = "{Sensitivity of ATLAS at HL-LHC to flavour changing neutral currents in top quark decays \(t \rightarrow cH\), with \(H \rightarrow \gamma\gamma\)}",
    howpublished   = "{ATL-PHYS-PUB-2013-012}",
    url            = "https://cds.cern.ch/record/1604506",
    year           = "2013",
}

@Booklet{ATL-PHYS-PUB-2013-013,
    author         = "{ATLAS Collaboration}",
    title          = "{Prospects for measurements of the \(HZZ\) vertex tensor structure in \(H \rightarrow ZZ^{*} \rightarrow 4\ell\) decay channel with ATLAS}",
    howpublished   = "{ATL-PHYS-PUB-2013-013}",
    url            = "https://cds.cern.ch/record/1611123",
    year           = "2013",
}

@Booklet{ATL-PHYS-PUB-2013-014,
    author         = "{ATLAS Collaboration}",
    title          = "{Projections for measurements of Higgs boson cross sections, branching ratios and coupling parameters with the ATLAS detector at a HL-LHC}",
    howpublished   = "{ATL-PHYS-PUB-2013-014}",
    url            = "https://cds.cern.ch/record/1611186",
    year           = "2013",
}

@Booklet{ATL-PHYS-PUB-2013-015,
    author         = "{ATLAS Collaboration}",
    title          = "{Sensitivity to New Phenomena via Higgs Couplings with the ATLAS Detector at a High-Luminosity LHC}",
    howpublished   = "{ATL-PHYS-PUB-2013-015}",
    url            = "https://cds.cern.ch/record/1611189",
    year           = "2013",
}

@Booklet{ATL-PHYS-PUB-2013-016,
    author         = "{ATLAS Collaboration}",
    title          = "{Beyond-the-Standard-Model Higgs boson searches at a High-Luminosity LHC with ATLAS}",
    howpublished   = "{ATL-PHYS-PUB-2013-016}",
    url            = "https://cds.cern.ch/record/1611190",
    year           = "2013",
}

@Booklet{ATL-PHYS-PUB-2013-017,
    author         = "{ATLAS Collaboration}",
    title          = "{Example ATLAS tunes of \textsc{Pythia8}, \textsc{Pythia6} and \textsc{Powheg} to an observable sensitive to \(Z\) boson transverse momentum}",
    howpublished   = "{ATL-PHYS-PUB-2013-017}",
    url            = "https://cds.cern.ch/record/1629317",
    year           = "2013",
}

@Booklet{ATL-PHYS-PUB-2013-018,
    author         = "{ATLAS Collaboration}",
    title          = "{A study of the sensitivity to the proton parton distributions of the inclusive photon production cross section in \(pp\) collisions at \(7~\text{TeV}\) measured by the ATLAS experiment at the LHC}",
    howpublished   = "{ATL-PHYS-PUB-2013-018}",
    url            = "https://cds.cern.ch/record/1636863",
    year           = "2013",
}

@Booklet{ATL-UPGRADE-PUB-2013-014,
    author         = "{ATLAS Collaboration}",
    title          = "{Expected pile-up values at the HL-LHC}",
    howpublished   = "{ATL-UPGRADE-PUB-2013-014}",
    url            = "https://cds.cern.ch/record/1604492",
    year           = "2013",
}

@Booklet{ATL-INDET-PUB-2014-001,
    author         = "{ATLAS Collaboration}",
    title          = "{Basic ATLAS TRT performance studies of Run 1}",
    howpublished   = "{ATL-INDET-PUB-2014-001}",
    url            = "https://cds.cern.ch/record/1669603",
    year           = "2014",
}

@Booklet{ATL-INDET-PUB-2014-004,
    author         = "{ATLAS Collaboration}",
    title          = "{A Leakage Current-based Measurement of the Radiation Damage in the ATLAS Pixel Detector}",
    howpublished   = "{ATL-INDET-PUB-2014-004}",
    url            = "https://cds.cern.ch/record/1752122",
    year           = "2014",
}

@Booklet{ATL-INDET-PUB-2014-005,
    author         = "{ATLAS Collaboration}",
    title          = "{Using the size of clusters in the ATLAS pixel detector to reject spurious clusters and provide an initial estimate of track direction and position along the beam line}",
    howpublished   = "{ATL-INDET-PUB-2014-005}",
    url            = "https://cds.cern.ch/record/1753400",
    year           = "2014",
}

@Booklet{ATL-INDET-PUB-2014-006,
    author         = "{ATLAS Collaboration}",
    title          = "{ATLAS Pixel IBL\@: Stave Quality Assurance}",
    howpublished   = "{ATL-INDET-PUB-2014-006}",
    url            = "https://cds.cern.ch/record/1754509",
    year           = "2014",
}

@Booklet{ATL-PHYS-PUB-2014-001,
    author         = "{ATLAS Collaboration}",
    title          = "{Tagging and suppression of pileup jets}",
    howpublished   = "{ATL-PHYS-PUB-2014-001}",
    url            = "https://cds.cern.ch/record/1643929",
    year           = "2014",
}

@Booklet{ATL-PHYS-PUB-2014-002,
    author         = "{ATLAS Collaboration}",
    title          = "{A measurement of single hadron response using data at \(\sqrt{s} = 8~\text{TeV}\) with the ATLAS detector}",
    howpublished   = "{ATL-PHYS-PUB-2014-002}",
    url            = "https://cds.cern.ch/record/1668961",
    year           = "2014",
}

@Booklet{ATL-PHYS-PUB-2014-003,
    author         = "{ATLAS Collaboration}",
    title          = "{Comparison of the response of the ATLAS detector to electromagnetic processes in data at \(8~\text{TeV}\) and simulation using different \textsc{Geant4} setups}",
    howpublished   = "{ATL-PHYS-PUB-2014-003}",
    url            = "https://cds.cern.ch/record/1669338",
    year           = "2014",
}

@Booklet{ATL-PHYS-PUB-2014-004,
    author         = "{ATLAS Collaboration}",
    title          = "{Performance of Boosted \(W\) Boson Identification with the ATLAS Detector}",
    howpublished   = "{ATL-PHYS-PUB-2014-004}",
    url            = "https://cds.cern.ch/record/1690048",
    year           = "2014",
}

@Booklet{ATL-PHYS-PUB-2014-005,
    author         = "{ATLAS Collaboration}",
    title          = "{Comparison of Monte Carlo generator predictions for gap fraction and jet multiplicity observables in  \(t\bar{t}\) events}",
    howpublished   = "{ATL-PHYS-PUB-2014-005}",
    url            = "https://cds.cern.ch/record/1703034",
    year           = "2014",
}

@Booklet{ATL-PHYS-PUB-2014-006,
    author         = "{ATLAS Collaboration}",
    title          = "{Update of the prospects for the \(H \rightarrow Z\gamma\) search at the High-Luminosity LHC}",
    howpublished   = "{ATL-PHYS-PUB-2014-006}",
    url            = "https://cds.cern.ch/record/1703276",
    year           = "2014",
}

@Booklet{ATL-PHYS-PUB-2014-007,
    author         = "{ATLAS Collaboration}",
    title          = "{Sensitivity to WIMP Dark Matter in the Final States Containing Jets and Missing Transverse Momentum with the ATLAS Detector at \(14~\text{TeV}\) LHC}",
    howpublished   = "{ATL-PHYS-PUB-2014-007}",
    url            = "https://cds.cern.ch/record/1708859",
    year           = "2014",
}

@Booklet{ATL-PHYS-PUB-2014-008,
    author         = "{ATLAS Collaboration}",
    title          = "{Comparison of Monte Carlo generator predictions for bottom and charm hadrons in the decays of top quarks and the fragmentation of high \(p_{\text{T}}\) jets}",
    howpublished   = "{ATL-PHYS-PUB-2014-008}",
    url            = "https://cds.cern.ch/record/1709132",
    year           = "2014",
}

@Booklet{ATL-PHYS-PUB-2014-009,
    author         = "{ATLAS Collaboration}",
    title          = "{ATLAS interpretation of the combined measurements of coupling properties of the Higgs boson in terms of its production cross sections}",
    howpublished   = "{ATL-PHYS-PUB-2014-009}",
    url            = "https://cds.cern.ch/record/1735027",
    year           = "2014",
}

@Booklet{ATL-PHYS-PUB-2014-010,
    author         = "{ATLAS Collaboration}",
    title          = "{Search for Supersymmetry at the high luminosity LHC with the ATLAS Detector}",
    howpublished   = "{ATL-PHYS-PUB-2014-010}",
    url            = "https://cds.cern.ch/record/1735031",
    year           = "2014",
}

@Booklet{ATL-PHYS-PUB-2014-011,
    author         = "{ATLAS Collaboration}",
    title          = "{A study of Standard Model Higgs boson production in the decay mode \(H \rightarrow b\bar{b}\) in association with a \(W\) or \(Z\) boson for High Luminosity LHC Running}",
    howpublished   = "{ATL-PHYS-PUB-2014-011}",
    url            = "https://cds.cern.ch/record/1740962",
    year           = "2014",
}

@Booklet{ATL-PHYS-PUB-2014-012,
    author         = "{ATLAS Collaboration}",
    title          = "{HL-LHC projections for signal and background yield measurements of the \(H \rightarrow \gamma\gamma\) when the Higgs boson is produced in association with \(t\) quarks, \(W\) or \(Z\) bosons}",
    howpublished   = "{ATL-PHYS-PUB-2014-012}",
    url            = "https://cds.cern.ch/record/1741011",
    year           = "2014",
}

@Booklet{ATL-PHYS-PUB-2014-013,
    author         = "{ATLAS Collaboration}",
    title          = "{Flavor Tagging with Track-Jets in Boosted Topologies with the ATLAS Detector}",
    howpublished   = "{ATL-PHYS-PUB-2014-013}",
    url            = "https://cds.cern.ch/record/1750681",
    year           = "2014",
}

@Booklet{ATL-PHYS-PUB-2014-014,
    author         = "{ATLAS Collaboration}",
    title          = "{\(b\)-tagging in dense environments}",
    howpublished   = "{ATL-PHYS-PUB-2014-014}",
    url            = "https://cds.cern.ch/record/1750682",
    year           = "2014",
}

@Booklet{ATL-PHYS-PUB-2014-015,
    author         = "{ATLAS Collaboration}",
    title          = "{Studies of theoretical uncertainties on the measurement of the mass of the \(W\) boson at the LHC}",
    howpublished   = "{ATL-PHYS-PUB-2014-015}",
    url            = "https://cds.cern.ch/record/1956455",
    year           = "2014",
}

@Booklet{ATL-PHYS-PUB-2014-016,
    author         = "{ATLAS Collaboration}",
    title          = "{Projections for measurements of Higgs boson signal strengths and coupling parameters with the ATLAS detector at the HL-LHC}",
    howpublished   = "{ATL-PHYS-PUB-2014-016}",
    url            = "https://cds.cern.ch/record/1956710",
    year           = "2014",
}

@Booklet{ATL-PHYS-PUB-2014-017,
    author         = "{ATLAS Collaboration}",
    title          = "{Prospects for New Physics in Higgs Couplings Studies with the ATLAS Detector at the HL-LHC}",
    howpublished   = "{ATL-PHYS-PUB-2014-017}",
    url            = "https://cds.cern.ch/record/1956711",
    year           = "2014",
}

@Booklet{ATL-PHYS-PUB-2014-018,
    author         = "{ATLAS Collaboration}",
    title          = "{Studies of the VBF \(H \rightarrow \tau_{\ell} \tau_{\text{had}}\) analysis at High Luminosity LHC conditions}",
    howpublished   = "{ATL-PHYS-PUB-2014-018}",
    url            = "https://cds.cern.ch/record/1956732",
    year           = "2014",
}

@Booklet{ATL-PHYS-PUB-2014-019,
    author         = "{ATLAS Collaboration}",
    title          = "{Prospects for measuring Higgs pair production in the channel \(H(\rightarrow \gamma\gamma) H(\rightarrow b\bar{b})\) using the ATLAS detector at the HL-LHC}",
    howpublished   = "{ATL-PHYS-PUB-2014-019}",
    url            = "https://cds.cern.ch/record/1956733",
    year           = "2014",
}

@Booklet{ATL-PHYS-PUB-2014-020,
    author         = "{ATLAS and CMS Collaborations}",
    title          = "{Jet energy scale uncertainty correlations between ATLAS and CMS}",
    howpublished   = "{ATL-PHYS-PUB-2014-020}",
    url            = "https://cds.cern.ch/record/1956734",
    year           = "2014",
}

@Booklet{ATL-PHYS-PUB-2014-021,
    author         = "{ATLAS Collaboration}",
    title          = "{ATLAS Pythia~8 tunes to \(7~\text{TeV}\) data}",
    howpublished   = "{ATL-PHYS-PUB-2014-021}",
    url            = "https://cds.cern.ch/record/1966419",
    year           = "2014",
}

@Booklet{ATL-PHYS-PUB-2014-022,
    author         = "{ATLAS Collaboration}",
    title          = "{Studies of Monte Carlo generators in Higgs boson production for Run~2}",
    howpublished   = "{ATL-PHYS-PUB-2014-022}",
    url            = "https://cds.cern.ch/record/1978192",
    year           = "2014",
}

@Booklet{ATL-SOFT-PUB-2014-001,
    author         = "{ATLAS Collaboration}",
    title          = "{Performance of the Fast ATLAS Tracking Simulation (FATRAS) and the ATLAS Fast Calorimeter Simulation (FastCaloSim) with single particles}",
    howpublished   = "{ATL-SOFT-PUB-2014-001}",
    url            = "https://cds.cern.ch/record/1669341",
    year           = "2014",
}

@Booklet{ATL-SOFT-PUB-2014-003,
    author         = "{ATLAS Collaboration}",
    title          = "{Common Framework Implementation for the Track-Based Alignment of the ATLAS Detector}",
    howpublished   = "{ATL-SOFT-PUB-2014-003}",
    url            = "https://cds.cern.ch/record/1670354",
    year           = "2014",
}

@Booklet{ATL-INDET-PUB-2015-001,
    author         = "{ATLAS Collaboration}",
    title          = "{Study of the mechanical stability of the ATLAS Insertable B-Layer}",
    howpublished   = "{ATL-INDET-PUB-2015-001}",
    url            = "https://cds.cern.ch/record/2022587",
    year           = "2015",
}

@Booklet{ATL-INDET-PUB-2015-003,
    author         = "{ATLAS Collaboration}",
    title          = "{IBL Module Loading onto Stave and Quality Check}",
    howpublished   = "{ATL-INDET-PUB-2015-003}",
    url            = "https://cds.cern.ch/record/2110639",
    year           = "2015",
}

@Booklet{ATL-LARG-PUB-2015-001,
    author         = "{ATLAS Collaboration}",
    title          = "{Upgrade plans for the Hadronic Endcap Calorimeter of ATLAS for the high luminosity stage of the LHC}",
    howpublished   = "{ATL-LARG-PUB-2015-001}",
    url            = "https://cds.cern.ch/record/2034846",
    year           = "2015",
}

@Booklet{ATL-MUON-PUB-2015-001,
    author         = "{ATLAS Collaboration}",
    title          = "{Stereo Information in Micromegas Detectors}",
    howpublished   = "{ATL-MUON-PUB-2015-001}",
    url            = "https://cds.cern.ch/record/2052206",
    year           = "2015",
}

@Booklet{ATL-MUON-PUB-2015-002,
    author         = "{ATLAS Collaboration}",
    title          = "{Texas Instruments TPS7H1101-SP Fast Neutron Irradiation Results}",
    howpublished   = "{ATL-MUON-PUB-2015-002}",
    url            = "https://cds.cern.ch/record/2054955",
    year           = "2015",
}

@Booklet{ATL-OREACH-PUB-2015-001,
    author         = "{ATLAS Collaboration}",
    title          = "{Building Blocks of the Universe using stackable plastic bricks to impart knowledge in particle physics}",
    howpublished   = "{ATL-OREACH-PUB-2015-001}",
    url            = "https://cds.cern.ch/record/2057226",
    year           = "2015",
}

@Booklet{ATL-PHYS-PUB-2015-001,
    author         = "{ATLAS Collaboration}",
    title          = "{Performance and Calibration of the JetFitterCharm Algorithm for \(c\)-Jet Identification}",
    howpublished   = "{ATL-PHYS-PUB-2015-001}",
    url            = "https://cds.cern.ch/record/1980463",
    year           = "2015",
}

@Booklet{ATL-PHYS-PUB-2015-002,
    author         = "{ATLAS Collaboration}",
    title          = "{Comparison of Monte Carlo generator predictions to ATLAS measurements of top pair production at \(7~\text{TeV}\)}",
    howpublished   = "{ATL-PHYS-PUB-2015-002}",
    url            = "https://cds.cern.ch/record/1981319",
    year           = "2015",
}

@Booklet{ATL-PHYS-PUB-2015-003,
    author         = "{ATLAS Collaboration}",
    title          = "{Exclusive Jet Production with Forward Proton Tagging. Feasibility Studies for the AFP Project}",
    howpublished   = "{ATL-PHYS-PUB-2015-003}",
    url            = "https://cds.cern.ch/record/1993686",
    year           = "2015",
}

@Booklet{ATL-PHYS-PUB-2015-004,
    author         = "{ATLAS Collaboration}",
    title          = "{Dijet resonance searches with the ATLAS detector at \(14~\text{TeV}\) LHC}",
    howpublished   = "{ATL-PHYS-PUB-2015-004}",
    url            = "https://cds.cern.ch/record/2002136",
    year           = "2015",
}

@Booklet{ATL-PHYS-PUB-2015-005,
    author         = "{ATLAS Collaboration}",
    title          = "{Expected sensitivity studies for gluino and squark searches using the early LHC \(13~\text{TeV}\) Run-2 dataset with the ATLAS experiment}",
    howpublished   = "{ATL-PHYS-PUB-2015-005}",
    url            = "https://cds.cern.ch/record/2002608",
    year           = "2015",
}

@Booklet{ATL-PHYS-PUB-2015-006,
    author         = "{ATLAS Collaboration}",
    title          = "{The Optimization of ATLAS Track Reconstruction in Dense Environments}",
    howpublished   = "{ATL-PHYS-PUB-2015-006}",
    url            = "https://cds.cern.ch/record/2002609",
    year           = "2015",
}

@Booklet{ATL-PHYS-PUB-2015-007,
    author         = "{ATLAS Collaboration}",
    title          = "{A study of the sensitivity to the \textsc{Pythia8} parton shower parameters of \(t\bar{t}\) production measurements in \(pp\) collisions at \(\sqrt{s} = 7~\text{TeV}\) with the ATLAS experiment at the LHC}",
    howpublished   = "{ATL-PHYS-PUB-2015-007}",
    url            = "https://cds.cern.ch/record/2004362",
    year           = "2015",
}

@Booklet{ATL-PHYS-PUB-2015-008,
    author         = "{ATLAS Collaboration}",
    title          = "{An imaging algorithm for vertex reconstruction for ATLAS Run-2}",
    howpublished   = "{ATL-PHYS-PUB-2015-008}",
    url            = "https://cds.cern.ch/record/2008700",
    year           = "2015",
}

@Booklet{ATL-PHYS-PUB-2015-009,
    author         = "{ATLAS Collaboration}",
    title          = "{ATLAS Inner Detector Alignment Performance with February 2015 Cosmic Ray Data}",
    howpublished   = "{ATL-PHYS-PUB-2015-009}",
    url            = "https://cds.cern.ch/record/2008724",
    year           = "2015",
}

@Booklet{ATL-PHYS-PUB-2015-010,
    author         = "{ATLAS Collaboration}",
    title          = "{Study of correlation of PDF uncertainty in single top and top pair production at the LHC}",
    howpublished   = "{ATL-PHYS-PUB-2015-010}",
    url            = "https://cds.cern.ch/record/2020601",
    year           = "2015",
}

@Booklet{ATL-PHYS-PUB-2015-011,
    author         = "{ATLAS Collaboration}",
    title          = "{Comparison of Monte Carlo generator predictions from Powheg and Sherpa to ATLAS measurements of top pair production at \(7~\text{TeV}\)}",
    howpublished   = "{ATL-PHYS-PUB-2015-011}",
    url            = "https://cds.cern.ch/record/2020602",
    year           = "2015",
}

@Booklet{ATL-PHYS-PUB-2015-012,
    author         = "{ATLAS Collaboration}",
    title          = "{Cluster Properties and Lorentz Angle Measurement in the 4-Layer Pixel Detector Using Cosmic Rays}",
    howpublished   = "{ATL-PHYS-PUB-2015-012}",
    url            = "https://cds.cern.ch/record/2020918",
    year           = "2015",
}

@Booklet{ATL-PHYS-PUB-2015-013,
    author         = "{ATLAS Collaboration}",
    title          = "{Proposal for particle-level object and observable definitions for use in physics measurements at the LHC}",
    howpublished   = "{ATL-PHYS-PUB-2015-013}",
    url            = "https://cds.cern.ch/record/2022743",
    year           = "2015",
}

@Booklet{ATL-PHYS-PUB-2015-014,
    author         = "{ATLAS Collaboration}",
    title          = "{A method for the construction of strongly reduced representations of ATLAS experimental uncertainties and the application thereof to the jet energy scale}",
    howpublished   = "{ATL-PHYS-PUB-2015-014}",
    url            = "https://cds.cern.ch/record/2037436",
    year           = "2015",
}

@Booklet{ATL-PHYS-PUB-2015-015,
    author         = "{ATLAS Collaboration}",
    title          = "{Jet Calibration and Systematic Uncertainties for Jets Reconstructed in the ATLAS Detector at \(\sqrt{s} = 13~\text{TeV}\)}",
    howpublished   = "{ATL-PHYS-PUB-2015-015}",
    url            = "https://cds.cern.ch/record/2037613",
    year           = "2015",
}

@Booklet{ATL-PHYS-PUB-2015-016,
    author         = "{ATLAS Collaboration}",
    title          = "{Study of inclusive isolated-photon production in \(pp\) collisions at \(\sqrt{s} = 13~\text{TeV}\) with the ATLAS detector}",
    howpublished   = "{ATL-PHYS-PUB-2015-016}",
    url            = "https://cds.cern.ch/record/2037667",
    year           = "2015",
}

@Booklet{ATL-PHYS-PUB-2015-017,
    author         = "{ATLAS Collaboration}",
    title          = "{Event Kinematic Distributions in Top-Quark Enriched Samples from \(\sqrt{s} = 13~\text{TeV}\) \(pp\) Collisions in the ATLAS Detector}",
    howpublished   = "{ATL-PHYS-PUB-2015-017}",
    url            = "https://cds.cern.ch/record/2037682",
    year           = "2015",
}

@Booklet{ATL-PHYS-PUB-2015-018,
    author         = "{ATLAS Collaboration}",
    title          = "{Track Reconstruction Performance of the ATLAS Inner Detector at  \(\sqrt{s} = 13~\text{TeV}\)}",
    howpublished   = "{ATL-PHYS-PUB-2015-018}",
    url            = "https://cds.cern.ch/record/2037683",
    year           = "2015",
}

@Booklet{ATL-PHYS-PUB-2015-019,
    author         = "{ATLAS Collaboration}",
    title          = "{Detector level leading track underlying event distributions at \(13~\text{TeV}\) measured in ATLAS}",
    howpublished   = "{ATL-PHYS-PUB-2015-019}",
    url            = "https://cds.cern.ch/record/2037684",
    year           = "2015",
}

@Booklet{ATL-PHYS-PUB-2015-020,
    author         = "{ATLAS Collaboration}",
    title          = "{Inclusive spectra of isolated di-photon candidates using \(6.4~\text{pb}^{-1}\) of \(pp\) collisions at \(\sqrt{s} = 13~\text{TeV}\)}",
    howpublished   = "{ATL-PHYS-PUB-2015-020}",
    url            = "https://cds.cern.ch/record/2037687",
    year           = "2015",
}

@Booklet{ATL-PHYS-PUB-2015-021,
    author         = "{ATLAS Collaboration}",
    title          = "{Kinematic distributions of \(W \rightarrow l \nu\) and \(Z \rightarrow ll\) production from \(pp\) collisions at \(\sqrt{s} = 13~\text{TeV}\) in the ATLAS detector}",
    howpublished   = "{ATL-PHYS-PUB-2015-021}",
    url            = "https://cds.cern.ch/record/2037696",
    year           = "2015",
}

@Booklet{ATL-PHYS-PUB-2015-022,
    author         = "{ATLAS Collaboration}",
    title          = "{Expected performance of the ATLAS \(b\)-tagging algorithms in Run-2}",
    howpublished   = "{ATL-PHYS-PUB-2015-022}",
    url            = "https://cds.cern.ch/record/2037697",
    year           = "2015",
}

@Booklet{ATL-PHYS-PUB-2015-023,
    author         = "{ATLAS Collaboration}",
    title          = "{Expected performance of missing transverse momentum reconstruction for the ATLAS detector at \(\sqrt{s} = 13~\text{TeV}\)}",
    howpublished   = "{ATL-PHYS-PUB-2015-023}",
    url            = "https://cds.cern.ch/record/2037700",
    year           = "2015",
}

@Booklet{ATL-PHYS-PUB-2015-024,
    author         = "{ATLAS Collaboration}",
    title          = "{Off-shell Higgs boson couplings measurement using \(H \rightarrow ZZ \rightarrow 4\ell\) events at High Luminosity LHC }",
    howpublished   = "{ATL-PHYS-PUB-2015-024}",
    url            = "https://cds.cern.ch/record/2037715",
    year           = "2015",
}

@Booklet{ATL-PHYS-PUB-2015-025,
    author         = "{ATLAS Collaboration}",
    title          = "{Commissioning of the reconstruction of hadronic tau lepton decays in ATLAS using \(pp\) collisions at \(\sqrt{s} = 13~\text{TeV}\)}",
    howpublished   = "{ATL-PHYS-PUB-2015-025}",
    url            = "https://cds.cern.ch/record/2037716",
    year           = "2015",
}

@Booklet{ATL-PHYS-PUB-2015-026,
    author         = "{ATLAS Collaboration}",
    title          = "{Vertex Reconstruction Performance of the ATLAS Detector at \(\sqrt{s} = 13~\text{TeV}\)}",
    howpublished   = "{ATL-PHYS-PUB-2015-026}",
    url            = "https://cds.cern.ch/record/2037717",
    year           = "2015",
}

@Booklet{ATL-PHYS-PUB-2015-027,
    author         = "{ATLAS Collaboration}",
    title          = "{Performance of missing transverse momentum reconstruction with the ATLAS detector in the first proton--proton collisions at \(\sqrt{s} = 13~\text{TeV}\)}",
    howpublished   = "{ATL-PHYS-PUB-2015-027}",
    url            = "https://cds.cern.ch/record/2037904",
    year           = "2015",
}

@Booklet{ATL-PHYS-PUB-2015-028,
    author         = "{ATLAS Collaboration}",
    title          = "{ First look at \(pp\) collisions data at \(\sqrt{s} = 13~\text{TeV}\) in preparation for a search for squarks and gluinos in final states with jets and missing transverse momentum with the ATLAS detector}",
    howpublished   = "{ATL-PHYS-PUB-2015-028}",
    url            = "https://cds.cern.ch/record/2037905",
    year           = "2015",
}

@Booklet{ATL-PHYS-PUB-2015-029,
    author         = "{ATLAS Collaboration}",
    title          = "{First look at proton--proton collision data at \(\sqrt{s} = 13~\text{TeV}\) in preparation for a search for squarks and gluinos in events with missing transverse energy, jets, and an isolated electron or muon}",
    howpublished   = "{ATL-PHYS-PUB-2015-029}",
    url            = "https://cds.cern.ch/record/2037906",
    year           = "2015",
}

@Booklet{ATL-PHYS-PUB-2015-030,
    author         = "{ATLAS Collaboration}",
    title          = "{First validation plots in preparation for a search for new phenomena in final states with large jet multiplicities and missing transverse momentum at \(\sqrt{s} = 13~\text{TeV}\) proton--proton collisions using the ATLAS experiment}",
    howpublished   = "{ATL-PHYS-PUB-2015-030}",
    url            = "https://cds.cern.ch/record/2037907",
    year           = "2015",
}

@Booklet{ATL-PHYS-PUB-2015-031,
    author         = "{ATLAS Collaboration}",
    title          = "{Alignment of the ATLAS Inner Detector with the initial LHC data at \(\sqrt{s} = 13~\text{TeV}\)}",
    howpublished   = "{ATL-PHYS-PUB-2015-031}",
    url            = "https://cds.cern.ch/record/2038139",
    year           = "2015",
}

@Booklet{ATL-PHYS-PUB-2015-032,
    author         = "{ATLAS Collaboration}",
    title          = "{Prospect for a search for direct pair production of a chargino and a neutralino decaying via aW boson and the lightest Higgs boson in final states with one lepton, two \(b\)-jets and missing transverse momentum at the high luminosity LHC with the ATLAS Detector}",
    howpublished   = "{ATL-PHYS-PUB-2015-032}",
    url            = "https://cds.cern.ch/record/2038565",
    year           = "2015",
}

@Booklet{ATL-PHYS-PUB-2015-033,
    author         = "{ATLAS Collaboration}",
    title          = "{Identification of Boosted, Hadronically-Decaying \(W\) and \(Z\) Bosons in \(\sqrt{s} = 13~\text{TeV}\) Monte Carlo Simulations for ATLAS}",
    howpublished   = "{ATL-PHYS-PUB-2015-033}",
    url            = "https://cds.cern.ch/record/2041461",
    year           = "2015",
}

@Booklet{ATL-PHYS-PUB-2015-034,
    author         = "{ATLAS Collaboration}",
    title          = "{Forward Jet Vertex Tagging: A new technique for the identification and rejection of forward pileup jets}",
    howpublished   = "{ATL-PHYS-PUB-2015-034}",
    url            = "https://cds.cern.ch/record/2042098",
    year           = "2015",
}

@Booklet{ATL-PHYS-PUB-2015-035,
    author         = "{ATLAS Collaboration}",
    title          = "{Expected Performance of Boosted Higgs (\(\rightarrow b\bar{b}\)) Boson Identification with the ATLAS Detector at \(\sqrt{s} = 13~\text{TeV}\)}",
    howpublished   = "{ATL-PHYS-PUB-2015-035}",
    url            = "https://cds.cern.ch/record/2042155",
    year           = "2015",
}

@Booklet{ATL-PHYS-PUB-2015-036,
    author         = "{ATLAS Collaboration}",
    title          = "{Properties of jets and inputs to jet reconstruction and calibration with the ATLAS detector using proton--proton collisions at \(\sqrt{s} = 13~\text{TeV}\)}",
    howpublished   = "{ATL-PHYS-PUB-2015-036}",
    url            = "https://cds.cern.ch/record/2044564",
    year           = "2015",
}

@Booklet{ATL-PHYS-PUB-2015-037,
    author         = "{ATLAS Collaboration}",
    title          = "{Muon reconstruction performance in early \(\sqrt{s} = 13~\text{TeV}\) data}",
    howpublished   = "{ATL-PHYS-PUB-2015-037}",
    url            = "https://cds.cern.ch/record/2047831",
    year           = "2015",
}

@Booklet{ATL-PHYS-PUB-2015-038,
    author         = "{ATLAS Collaboration}",
    title          = "{Classification of Events in the Combined ATLAS-LHCf Data Recorded During the p+Pb Collisions at \(\sqrt{s_{\text{NN}}} = 5.02\,\text{TeV}\)}",
    howpublished   = "{ATL-PHYS-PUB-2015-038}",
    url            = "https://cds.cern.ch/record/2047832",
    year           = "2015",
}

@Booklet{ATL-PHYS-PUB-2015-039,
    author         = "{ATLAS Collaboration}",
    title          = "{Commissioning of the ATLAS \(b\)-tagging algorithms using \(t\bar{t}\) events in early Run 2 data}",
    howpublished   = "{ATL-PHYS-PUB-2015-039}",
    url            = "https://cds.cern.ch/record/2047871",
    year           = "2015",
}

@Booklet{ATL-PHYS-PUB-2015-040,
    author         = "{ATLAS Collaboration}",
    title          = "{A new tagger for the charge identification of \(b\)-jets}",
    howpublished   = "{ATL-PHYS-PUB-2015-040}",
    url            = "https://cds.cern.ch/record/2048132",
    year           = "2015",
}

@Booklet{ATL-PHYS-PUB-2015-041,
    author         = "{ATLAS Collaboration}",
    title          = "{Electron identification measurements in ATLAS using \(\sqrt{s} = 13~\text{TeV}\) data with \(50~\text{ns}\) bunch spacing}",
    howpublished   = "{ATL-PHYS-PUB-2015-041}",
    url            = "https://cds.cern.ch/record/2048202",
    year           = "2015",
}

@Booklet{ATL-PHYS-PUB-2015-042,
    author         = "{ATLAS Collaboration}",
    title          = "{Impact of fragmentation modelling on the jet energy and the top-quark mass measurement using the ATLAS detector}",
    howpublished   = "{ATL-PHYS-PUB-2015-042}",
    url            = "https://cds.cern.ch/record/2054420",
    year           = "2015",
}

@Booklet{ATL-PHYS-PUB-2015-043,
    author         = "{ATLAS Collaboration}",
    title          = "{Search for the Standard Model Higgs and \(Z\) Boson decays to \(J/\psi\gamma\): HL-LHC projections}",
    howpublished   = "{ATL-PHYS-PUB-2015-043}",
    url            = "https://cds.cern.ch/record/2054550",
    year           = "2015",
}

@Booklet{ATL-PHYS-PUB-2015-044,
    author         = "{ATLAS Collaboration}",
    title          = "{Measurement of performance of the pixel neural network clustering algorithm of the ATLAS experiment at \(\sqrt{s} = 13~\text{TeV}\)}",
    howpublished   = "{ATL-PHYS-PUB-2015-044}",
    url            = "https://cds.cern.ch/record/2054921",
    year           = "2015",
}

@Booklet{ATL-PHYS-PUB-2015-045,
    author         = "{ATLAS Collaboration}",
    title          = "{Reconstruction, Energy Calibration, and Identification of Hadronically Decaying Tau Leptons in the ATLAS Experiment for Run-2 of the LHC}",
    howpublished   = "{ATL-PHYS-PUB-2015-045}",
    url            = "https://cds.cern.ch/record/2064383",
    year           = "2015",
}

@Booklet{ATL-PHYS-PUB-2015-046,
    author         = "{ATLAS Collaboration}",
    title          = "{Higgs Pair Production in the \(H(\rightarrow \tau\tau) H(\rightarrow b\bar{b})\) Channel at the High-Luminosity LHC}",
    howpublished   = "{ATL-PHYS-PUB-2015-046}",
    url            = "https://cds.cern.ch/record/2065974",
    year           = "2015",
}

@Booklet{ATL-PHYS-PUB-2015-047,
    author         = "{ATLAS Collaboration}",
    title          = "{A morphing technique for signal modelling in a multidimensional space of coupling parameters}",
    howpublished   = "{ATL-PHYS-PUB-2015-047}",
    url            = "https://cds.cern.ch/record/2066980",
    year           = "2015",
}

@Booklet{ATL-PHYS-PUB-2015-048,
    author         = "{ATLAS Collaboration}",
    title          = "{A study of optimal parameter setting for \textsc{MadGraph5\_aMC@NLO} + \textsc{Pythia} 8 matched setup}",
    howpublished   = "{ATL-PHYS-PUB-2015-048}",
    url            = "https://cds.cern.ch/record/2103221",
    year           = "2015",
}

@Booklet{ATL-PHYS-PUB-2015-049,
    author         = "{ATLAS and CMS Collaborations}",
    title          = "{Jet energy scale uncertainty correlations between ATLAS and CMS at \(\sqrt{s} = 8~\text{TeV}\)}",
    howpublished   = "{ATL-PHYS-PUB-2015-049}",
    url            = "https://cds.cern.ch/record/2103759",
    year           = "2015",
}

@Booklet{ATL-PHYS-PUB-2015-050,
    author         = "{ATLAS Collaboration}",
    title          = "{Studies of the ATLAS Inner Detector material using \(\sqrt{s} = 13~\text{TeV}\) \(pp\) collision data}",
    howpublished   = "{ATL-PHYS-PUB-2015-050}",
    url            = "https://cds.cern.ch/record/2109010",
    year           = "2015",
}

@Booklet{ATL-PHYS-PUB-2015-051,
    author         = "{ATLAS Collaboration}",
    title          = "{Early Inner Detector Tracking Performance in the 2015 Data at \(\sqrt{s} = 13~\text{TeV}\)}",
    howpublished   = "{ATL-PHYS-PUB-2015-051}",
    url            = "https://cds.cern.ch/record/2110140",
    year           = "2015",
}

@Booklet{ATL-PHYS-PUB-2015-052,
    author         = "{ATLAS Collaboration}",
    title          = "{Robustness of the Artificial Neural Network Clustering Algorithm of the ATLAS experiment}",
    howpublished   = "{ATL-PHYS-PUB-2015-052}",
    url            = "https://cds.cern.ch/record/2116350",
    year           = "2015",
}

@Booklet{ATL-PHYS-PUB-2015-053,
    author         = "{ATLAS Collaboration}",
    title          = "{Boosted hadronic top identification at ATLAS for early \(13~\text{TeV}\) data}",
    howpublished   = "{ATL-PHYS-PUB-2015-053}",
    url            = "https://cds.cern.ch/record/2116351",
    year           = "2015",
}

@Booklet{ATL-DAQ-PUB-2016-001,
    author         = "{ATLAS Collaboration}",
    title          = "{2015 start-up trigger menu and initial performance assessment of the ATLAS trigger using Run-2 data}",
    howpublished   = "{ATL-DAQ-PUB-2016-001}",
    url            = "https://cds.cern.ch/record/2136007",
    year           = "2016",
}

@Booklet{ATL-DAQ-PUB-2016-002,
    author         = "{ATLAS Collaboration}",
    title          = "{Trigger monitoring and rate predictions using Enhanced Bias data from the ATLAS Detector at the LHC}",
    howpublished   = "{ATL-DAQ-PUB-2016-002}",
    url            = "https://cds.cern.ch/record/2223498",
    year           = "2016",
}

@Booklet{ATL-GEN-PUB-2016-001,
    author         = "{ATLAS Collaboration}",
    title          = "{Studies related to gender and geographic diversity in the ATLAS Collaboration}",
    howpublished   = "{ATL-GEN-PUB-2016-001}",
    url            = "https://cds.cern.ch/record/2202392",
    year           = "2016",
}

@Booklet{ATL-INDET-PUB-2016-001,
    author         = "{ATLAS Collaboration}",
    title          = "{Efficiency and Hit Spatial Resolution of ATLAS IBL Sensors in LHC Run 2 Collision Events}",
    howpublished   = "{ATL-INDET-PUB-2016-001}",
    url            = "https://cds.cern.ch/record/2203893",
    year           = "2016",
}

@Booklet{ATL-OREACH-PUB-2016-001,
    author         = "{ATLAS Collaboration}",
    title          = "{Review of the ATLAS Open Data Dataset}",
    howpublished   = "{ATL-OREACH-PUB-2016-001}",
    url            = "https://cds.cern.ch/record/2203649",
    year           = "2016",
}

@Booklet{ATL-PHYS-PUB-2016-001,
    author         = "{ATLAS Collaboration}",
    title          = "{Validation of Monte Carlo event generators in the ATLAS Collaboration for LHC Run 2}",
    howpublished   = "{ATL-PHYS-PUB-2016-001}",
    url            = "https://cds.cern.ch/record/2119984",
    year           = "2016",
}

@Booklet{ATL-PHYS-PUB-2016-002,
    author         = "{ATLAS Collaboration}",
    title          = "{Multi-boson simulation for \(13~\text{TeV}\) ATLAS analyses}",
    howpublished   = "{ATL-PHYS-PUB-2016-002}",
    url            = "https://cds.cern.ch/record/2119986",
    year           = "2016",
}

@Booklet{ATL-PHYS-PUB-2016-003,
    author         = "{ATLAS Collaboration}",
    title          = "{Monte Carlo Generators for the Production of a \(W\) or \(Z/\gamma^*\) Boson in Association with Jets at ATLAS in Run 2}",
    howpublished   = "{ATL-PHYS-PUB-2016-003}",
    url            = "https://cds.cern.ch/record/2120133",
    year           = "2016",
}

@Booklet{ATL-PHYS-PUB-2016-004,
    author         = "{ATLAS Collaboration}",
    title          = "{Simulation of top-quark production for the ATLAS experiment at \(\sqrt{s} = 13~\text{TeV}\)}",
    howpublished   = "{ATL-PHYS-PUB-2016-004}",
    url            = "https://cds.cern.ch/record/2120417",
    year           = "2016",
}

@Booklet{ATL-PHYS-PUB-2016-005,
    author         = "{ATLAS Collaboration}",
    title          = "{Modelling of the \(t\bar{t} H\) and \(t\bar{t}V (V = W, Z)\) processes for \(\sqrt{s} = 13~\text{TeV}\) ATLAS analyses}",
    howpublished   = "{ATL-PHYS-PUB-2016-005}",
    url            = "https://cds.cern.ch/record/2120826",
    year           = "2016",
}

@Booklet{ATL-PHYS-PUB-2016-006,
    author         = "{ATLAS Collaboration}",
    title          = "{Study of higher-order QCD corrections in the \(gg \rightarrow H \rightarrow VV\) process}",
    howpublished   = "{ATL-PHYS-PUB-2016-006}",
    url            = "https://cds.cern.ch/record/2127515",
    year           = "2016",
}

@Booklet{ATL-PHYS-PUB-2016-007,
    author         = "{ATLAS Collaboration}",
    title          = "{Measurement of track reconstruction inefficiencies in the core of jets via pixel dE/dx with the ATLAS experiment using \(\sqrt{s} = 13~\text{TeV}\) \(pp\) collision data}",
    howpublished   = "{ATL-PHYS-PUB-2016-007}",
    url            = "https://cds.cern.ch/record/2140460",
    year           = "2016",
}

@Booklet{ATL-PHYS-PUB-2016-008,
    author         = "{ATLAS Collaboration}",
    title          = "{Prospective results for vector-boson fusion-mediated Higgs boson searches in the four lepton final state at the High Luminosity Large Hadron Collider}",
    howpublished   = "{ATL-PHYS-PUB-2016-008}",
    url            = "https://cds.cern.ch/record/2145377",
    year           = "2016",
}

@Booklet{ATL-PHYS-PUB-2016-009,
    author         = "{ATLAS Collaboration}",
    title          = "{Estimate of the \(m_H\) shift due to interference between signal and background processes in the \(H \rightarrow \gamma\gamma\) channel, for the  \(\sqrt{s} = 8~\text{TeV}\) dataset recorded by ATLAS}",
    howpublished   = "{ATL-PHYS-PUB-2016-009}",
    url            = "https://cds.cern.ch/record/2146386",
    year           = "2016",
}

@Booklet{ATL-PHYS-PUB-2016-010,
    author         = "{ATLAS Collaboration}",
    title          = "{Expected performance for displaced Lepton Jets: ATLAS trigger and reconstruction efficiency in LHC 2015 run.}",
    howpublished   = "{ATL-PHYS-PUB-2016-010}",
    url            = "https://cds.cern.ch/record/2153376",
    year           = "2016",
}

@Booklet{ATL-PHYS-PUB-2016-011,
    author         = "{ATLAS Collaboration}",
    title          = "{Studies of \(t\bar{t} c\bar{c}\) production with \textsc{MadGraph5\_aMC@NLO} and \textsc{Herwig++} for the ATLAS experiment}",
    howpublished   = "{ATL-PHYS-PUB-2016-011}",
    url            = "https://cds.cern.ch/record/2153876",
    year           = "2016",
}

@Booklet{ATL-PHYS-PUB-2016-012,
    author         = "{ATLAS Collaboration}",
    title          = "{Optimisation of the ATLAS \(b\)-tagging performance for the 2016 LHC Run}",
    howpublished   = "{ATL-PHYS-PUB-2016-012}",
    url            = "https://cds.cern.ch/record/2160731",
    year           = "2016",
}

@Booklet{ATL-PHYS-PUB-2016-013,
    author         = "{ATLAS Collaboration}",
    title          = "{Boosted Object Tagging with Variable-\(R\) Jets in the ATLAS Detector}",
    howpublished   = "{ATL-PHYS-PUB-2016-013}",
    url            = "https://cds.cern.ch/record/2199360",
    year           = "2016",
}

@Booklet{ATL-PHYS-PUB-2016-014,
    author         = "{ATLAS Collaboration}",
    title          = "{Photon identification in 2015 ATLAS data}",
    howpublished   = "{ATL-PHYS-PUB-2016-014}",
    url            = "https://cds.cern.ch/record/2203125",
    year           = "2016",
}

@Booklet{ATL-PHYS-PUB-2016-015,
    author         = "{ATLAS Collaboration}",
    title          = "{Electron and photon energy calibration with the ATLAS detector using data collected in 2015 at \(\sqrt{s} = 13~\text{TeV}\)}",
    howpublished   = "{ATL-PHYS-PUB-2016-015}",
    url            = "https://cds.cern.ch/record/2203514",
    year           = "2016",
}

@Booklet{ATL-PHYS-PUB-2016-016,
    author         = "{ATLAS Collaboration}",
    title          = "{Further studies on simulation of top-quark production for the ATLAS experiment at \(\sqrt{s} = 13~\text{TeV}\)}",
    howpublished   = "{ATL-PHYS-PUB-2016-016}",
    url            = "https://cds.cern.ch/record/2205262",
    year           = "2016",
}

@Booklet{ATL-PHYS-PUB-2016-017,
    author         = "{ATLAS Collaboration}",
    title          = "{The Pythia~8 A3 tune description of ATLAS minimum bias and inelastic measurements incorporating the Donnachie--Landshoff diffractive model}",
    howpublished   = "{ATL-PHYS-PUB-2016-017}",
    url            = "https://cds.cern.ch/record/2206965",
    year           = "2016",
}

@Booklet{ATL-PHYS-PUB-2016-018,
    author         = "{ATLAS Collaboration}",
    title          = "{Measurement Prospects for VBF \(H \rightarrow WW^{*} \rightarrow e \nu\mu\nu\) production with \(3~\text{ab}^{-1}\) of HL-LHC \(pp\)-collisions}",
    howpublished   = "{ATL-PHYS-PUB-2016-018}",
    url            = "https://cds.cern.ch/record/2209092",
    year           = "2016",
}

@Booklet{ATL-PHYS-PUB-2016-019,
    author         = "{ATLAS Collaboration}",
    title          = "{Expected sensitivity of ATLAS to FCNC top quark decays \(t \rightarrow Zq\) and \(t \rightarrow Hq\) at the High Luminosity LHC}",
    howpublished   = "{ATL-PHYS-PUB-2016-019}",
    url            = "https://cds.cern.ch/record/2209126",
    year           = "2016",
}

@Booklet{ATL-PHYS-PUB-2016-020,
    author         = "{ATLAS Collaboration}",
    title          = "{Studies on top-quark Monte Carlo modelling for Top2016}",
    howpublished   = "{ATL-PHYS-PUB-2016-020}",
    url            = "https://cds.cern.ch/record/2216168",
    year           = "2016",
}

@Booklet{ATL-PHYS-PUB-2016-021,
    author         = "{ATLAS Collaboration}",
    title          = "{Prospect for a search for direct stau production in events with at least two hadronic taus and missing transverse momentum at the High Luminosity LHC with the ATLAS Detector}",
    howpublished   = "{ATL-PHYS-PUB-2016-021}",
    url            = "https://cds.cern.ch/record/2220805",
    year           = "2016",
}

@Booklet{ATL-PHYS-PUB-2016-022,
    author         = "{ATLAS Collaboration}",
    title          = "{Prospects for a search for direct pair production of top squarks in scenarios with compressed mass spectra at the high luminosity LHC with the ATLAS Detector}",
    howpublished   = "{ATL-PHYS-PUB-2016-022}",
    url            = "https://cds.cern.ch/record/2220904",
    year           = "2016",
}

@Booklet{ATL-PHYS-PUB-2016-023,
    author         = "{ATLAS Collaboration}",
    title          = "{Prospects for Observing \(t\bar{t}HH\) Production with the ATLAS Experiment at the HL-LHC}",
    howpublished   = "{ATL-PHYS-PUB-2016-023}",
    url            = "https://cds.cern.ch/record/2220969",
    year           = "2016",
}

@Booklet{ATL-PHYS-PUB-2016-024,
    author         = "{ATLAS Collaboration}",
    title          = "{Projected sensitivity to Higgs boson pair production in the \(b\bar{b}b\bar{b}\) final state using proton--proton collisions at HL-LHC with the ATLAS detector}",
    howpublished   = "{ATL-PHYS-PUB-2016-024}",
    url            = "https://cds.cern.ch/record/2221658",
    year           = "2016",
}

@Booklet{ATL-PHYS-PUB-2016-025,
    author         = "{ATLAS Collaboration}",
    title          = "{Expected Performance of the ATLAS Inner Tracker at the High-Luminosity LHC}",
    howpublished   = "{ATL-PHYS-PUB-2016-025}",
    url            = "https://cds.cern.ch/record/2222304",
    year           = "2016",
}

@Booklet{ATL-PHYS-PUB-2016-026,
    author         = "{ATLAS Collaboration}",
    title          = "{Expected performance for an upgraded ATLAS detector at High-Luminosity LHC}",
    howpublished   = "{ATL-PHYS-PUB-2016-026}",
    url            = "https://cds.cern.ch/record/2223839",
    year           = "2016",
}

@Booklet{ATL-DAPR-PUB-2017-001,
    author         = "{ATLAS Collaboration}",
    title          = "{Beam backgrounds in the ATLAS detector during LHC loss map tests at \(\beta^{*}=40~\text{cm}\) and \(\beta^{*}=80~\text{cm}\) at \(E_{\text{beam}}=6.5~\text{TeV}\)}",
    howpublished   = "{ATL-DAPR-PUB-2017-001}",
    url            = "https://cds.cern.ch/record/2286836",
    year           = "2017",
}

@Booklet{ATL-DAQ-PUB-2017-001,
    author         = "{ATLAS Collaboration}",
    title          = "{Trigger Menu in 2016}",
    howpublished   = "{ATL-DAQ-PUB-2017-001}",
    url            = "https://cds.cern.ch/record/2242069",
    year           = "2017",
}

@Booklet{ATL-DAQ-PUB-2017-002,
    author         = "{ATLAS Collaboration}",
    title          = "{Analytical description of missing transverse-momentum trigger rates in ATLAS with \(\sqrt{s} = 7\) and \(8~\text{TeV}\) data}",
    howpublished   = "{ATL-DAQ-PUB-2017-002}",
    url            = "https://cds.cern.ch/record/2292378",
    year           = "2017",
}

@Booklet{ATL-DAQ-PUB-2017-003,
    author         = "{ATLAS Collaboration}",
    title          = "{Trigger-object Level Analysis with the ATLAS detector at the Large Hadron Collider: summary and perspectives}",
    howpublished   = "{ATL-DAQ-PUB-2017-003}",
    url            = "https://cds.cern.ch/record/2295739",
    year           = "2017",
}

@Booklet{ATL-INDET-PUB-2017-001,
    author         = "{ATLAS Collaboration}",
    title          = "{Radiation induced effects in the ATLAS Insertable B-Layer readout chip}",
    howpublished   = "{ATL-INDET-PUB-2017-001}",
    url            = "https://cds.cern.ch/record/2291800",
    year           = "2017",
}

@Booklet{ATL-PHYS-PUB-2017-001,
    author         = "{ATLAS Collaboration}",
    title          = "{Study of the double Higgs production channel \(H(\rightarrow b\bar{b})H(\rightarrow \gamma\gamma)\) with the ATLAS experiment at HL-LHC}",
    howpublished   = "{ATL-PHYS-PUB-2017-001}",
    url            = "https://cds.cern.ch/record/2243387",
    year           = "2017",
}

@Booklet{ATL-PHYS-PUB-2017-002,
    author         = "{ATLAS Collaboration}",
    title          = "{Study on the prospects of a \(t\bar{t}\) resonance search in events with one lepton at a High Luminosity LHC}",
    howpublished   = "{ATL-PHYS-PUB-2017-002}",
    url            = "https://cds.cern.ch/record/2243753",
    year           = "2017",
}

@Booklet{ATL-PHYS-PUB-2017-003,
    author         = "{ATLAS Collaboration}",
    title          = "{Identification of Jets Containing \(b\)-Hadrons with Recurrent Neural Networks at the ATLAS Experiment}",
    howpublished   = "{ATL-PHYS-PUB-2017-003}",
    url            = "https://cds.cern.ch/record/2255226",
    year           = "2017",
}

@Booklet{ATL-PHYS-PUB-2017-004,
    author         = "{ATLAS Collaboration}",
    title          = "{Identification of Hadronically-Decaying \(W\) Bosons and Top Quarks Using High-Level Features as Input to Boosted Decision Trees and Deep Neural Networks in ATLAS at \(\sqrt{s} = 13~\text{TeV}\)}",
    howpublished   = "{ATL-PHYS-PUB-2017-004}",
    url            = "https://cds.cern.ch/record/2259646",
    year           = "2017",
}

@Booklet{ATL-PHYS-PUB-2017-005,
    author         = "{ATLAS Collaboration}",
    title          = "{Multi-Boson Simulation for \(13~\text{TeV}\) ATLAS Analyses}",
    howpublished   = "{ATL-PHYS-PUB-2017-005}",
    url            = "https://cds.cern.ch/record/2261933",
    year           = "2017",
}

@Booklet{ATL-PHYS-PUB-2017-006,
    author         = "{ATLAS Collaboration}",
    title          = "{ATLAS simulation of boson plus jets processes in Run~2}",
    howpublished   = "{ATL-PHYS-PUB-2017-006}",
    url            = "https://cds.cern.ch/record/2261937",
    year           = "2017",
}

@Booklet{ATL-PHYS-PUB-2017-007,
    author         = "{ATLAS Collaboration}",
    title          = "{Studies on top-quark Monte Carlo modelling with Sherpa and MG5\_aMC@NLO}",
    howpublished   = "{ATL-PHYS-PUB-2017-007}",
    url            = "https://cds.cern.ch/record/2261938",
    year           = "2017",
}

@Booklet{ATL-PHYS-PUB-2017-008,
    author         = "{ATLAS Collaboration}",
    title          = "{A study of different colour reconnection settings for Pythia8 generator using underlying event observables}",
    howpublished   = "{ATL-PHYS-PUB-2017-008}",
    url            = "https://cds.cern.ch/record/2262253",
    year           = "2017",
}

@Booklet{ATL-PHYS-PUB-2017-009,
    author         = "{ATLAS Collaboration}",
    title          = "{Quark versus Gluon Jet Tagging Using Charged-Particle Constituent Multiplicity with the ATLAS Detector}",
    howpublished   = "{ATL-PHYS-PUB-2017-009}",
    url            = "https://cds.cern.ch/record/2263679",
    year           = "2017",
}

@Booklet{ATL-PHYS-PUB-2017-010,
    author         = "{ATLAS Collaboration}",
    title          = "{Variable Radius, Exclusive-\(k_T\), and Center-of-Mass Subjet Reconstruction for Higgs(\(\rightarrow b\bar{b}\)) Tagging in ATLAS}",
    howpublished   = "{ATL-PHYS-PUB-2017-010}",
    url            = "https://cds.cern.ch/record/2268678",
    year           = "2017",
}

@Booklet{ATL-PHYS-PUB-2017-011,
    author         = "{ATLAS Collaboration}",
    title          = "{Secondary vertex finding for jet flavour identification with the ATLAS detector}",
    howpublished   = "{ATL-PHYS-PUB-2017-011}",
    url            = "https://cds.cern.ch/record/2270366",
    year           = "2017",
}

@Booklet{ATL-PHYS-PUB-2017-012,
    author         = "{ATLAS Collaboration}",
    title          = "{Proton tagging with the one arm AFP detector}",
    howpublished   = "{ATL-PHYS-PUB-2017-012}",
    url            = "https://cds.cern.ch/record/2273274",
    year           = "2017",
}

@Booklet{ATL-PHYS-PUB-2017-013,
    author         = "{ATLAS Collaboration}",
    title          = "{Optimisation and performance studies of the ATLAS \(b\)-tagging algorithms for the 2017-18 LHC run}",
    howpublished   = "{ATL-PHYS-PUB-2017-013}",
    url            = "https://cds.cern.ch/record/2273281",
    year           = "2017",
}

@Booklet{ATL-PHYS-PUB-2017-014,
    author         = "{ATLAS Collaboration}",
    title          = "{Performance of the reconstruction of large impact parameter tracks in the inner detector of ATLAS}",
    howpublished   = "{ATL-PHYS-PUB-2017-014}",
    url            = "https://cds.cern.ch/record/2275635",
    year           = "2017",
}

@Booklet{ATL-PHYS-PUB-2017-015,
    author         = "{ATLAS Collaboration}",
    title          = "{Improving jet substructure performance in ATLAS using Track-CaloClusters}",
    howpublished   = "{ATL-PHYS-PUB-2017-015}",
    url            = "https://cds.cern.ch/record/2275636",
    year           = "2017",
}

@Booklet{ATL-PHYS-PUB-2017-016,
    author         = "{ATLAS Collaboration}",
    title          = "{Modelling of Track Reconstruction Inside Jets with the 2016 ATLAS \(\sqrt{s} = 13~\text{TeV}\) \(pp\) Dataset}",
    howpublished   = "{ATL-PHYS-PUB-2017-016}",
    url            = "https://cds.cern.ch/record/2275639",
    year           = "2017",
}

@Booklet{ATL-PHYS-PUB-2017-017,
    author         = "{ATLAS Collaboration}",
    title          = "{Quark versus Gluon Jet Tagging Using Jet Images with the ATLAS Detector}",
    howpublished   = "{ATL-PHYS-PUB-2017-017}",
    url            = "https://cds.cern.ch/record/2275641",
    year           = "2017",
}

@Booklet{ATL-PHYS-PUB-2017-018,
    author         = "{ATLAS Collaboration}",
    title          = "{Constraints on an effective Lagrangian from the combined \(H \rightarrow ZZ^* \rightarrow 4\ell\) and \(H \rightarrow \gamma\gamma\) channels using \(36.1~\text{fb}^{-1}\) of \(\sqrt{s} = 13~\text{TeV}\) \(pp\) collision data collected with the ATLAS detector}",
    howpublished   = "{ATL-PHYS-PUB-2017-018}",
    url            = "https://cds.cern.ch/record/2293084",
    year           = "2017",
}

@Booklet{ATL-PHYS-PUB-2017-019,
    author         = "{ATLAS Collaboration}",
    title          = "{Search for direct pair production of higgsinos by reinterpretation of the disappearing track analysis with \(36.1~\text{fb}^{-1}\) of \(\sqrt{s} = 13~\text{TeV}\) data collected with the ATLAS experiment}",
    howpublished   = "{ATL-PHYS-PUB-2017-019}",
    url            = "https://cds.cern.ch/record/2297480",
    year           = "2017",
}

@Booklet{ATL-PHYS-PUB-2017-020,
    author         = "{ATLAS Collaboration}",
    title          = "{Impact of Alternative Inputs and Grooming Methods on Large-\(R\) Jet Reconstruction in ATLAS}",
    howpublished   = "{ATL-PHYS-PUB-2017-020}",
    url            = "https://cds.cern.ch/record/2297485",
    year           = "2017",
}

@Booklet{ATL-PHYS-PUB-2017-021,
    author         = "{ATLAS Collaboration}",
    title          = "{Prospects for the measurement of the \(W\)-boson transverse momentum with a low pileup data sample at \(\sqrt{s} = 13~\text{TeV}\) with the ATLAS detector}",
    howpublished   = "{ATL-PHYS-PUB-2017-021}",
    url            = "https://cds.cern.ch/record/2298152",
    year           = "2017",
}

@Booklet{ATL-PHYS-PUB-2017-022,
    author         = "{ATLAS Collaboration}",
    title          = "{Electron and photon reconstruction and performance in ATLAS using a dynamical, topological cell clustering-based approach}",
    howpublished   = "{ATL-PHYS-PUB-2017-022}",
    url            = "https://cds.cern.ch/record/2298955",
    year           = "2017",
}

@Booklet{ATL-PHYS-PUB-2017-023,
    author         = "{ATLAS Collaboration}",
    title          = "{Studies on the impact of an extended Inner Detector tracker and a forward muon tagger on on \(W^{\pm}W^{\pm}\) scattering in \(pp\) collisions at the High-Luminosity LHC with the ATLAS experiment}",
    howpublished   = "{ATL-PHYS-PUB-2017-023}",
    url            = "https://cds.cern.ch/record/2298958",
    year           = "2017",
}

@Booklet{ATL-DAQ-PUB-2018-001,
    author         = "{ATLAS Collaboration}",
    title          = "{Performance of the ATLAS global transverse-momentum triggers at \(\sqrt{s} = 8~\text{TeV}\)}",
    howpublished   = "{ATL-DAQ-PUB-2018-001}",
    url            = "https://cds.cern.ch/record/2311730",
    year           = "2018",
}

@Booklet{ATL-DAQ-PUB-2018-002,
    author         = "{ATLAS Collaboration}",
    title          = "{Trigger Menu in 2017}",
    howpublished   = "{ATL-DAQ-PUB-2018-002}",
    url            = "https://cds.cern.ch/record/2625986",
    year           = "2018",
}

@Booklet{ATL-INDET-PUB-2018-001,
    author         = "{ATLAS Collaboration}",
    title          = "{Modeling the Mobility and Lorentz angle for the ATLAS Pixel Detector}",
    howpublished   = "{ATL-INDET-PUB-2018-001}",
    url            = "https://cds.cern.ch/record/2629889?ln=en",
    year           = "2018",
}

@Booklet{ATL-OREACH-PUB-2018-001,
    author         = "{ATLAS Collaboration}",
    title          = "{Review of ATLAS Open Data \(8~\text{TeV}\) datasets, tools and activities}",
    howpublished   = "{ATL-OREACH-PUB-2018-001}",
    url            = "https://cds.cern.ch/record/2624572/files/ATL-OREACH-PUB-2018-001.pdf",
    year           = "2018",
}

@Booklet{ATL-PHYS-PUB-2018-001,
    author         = "{ATLAS Collaboration}",
    title          = "{Investigation of systematic uncertainties on the measurement of the top-quark mass using lepton transverse momenta}",
    howpublished   = "{ATL-PHYS-PUB-2018-001}",
    url            = "https://cds.cern.ch/record/2304493",
    year           = "2018",
}

@Booklet{ATL-PHYS-PUB-2018-002,
    author         = "{ATLAS Collaboration}",
    title          = "{Training and validation of the ATLAS pixel clustering neural networks}",
    howpublished   = "{ATL-PHYS-PUB-2018-002}",
    url            = "https://cds.cern.ch/record/2309474",
    year           = "2018",
}

@Booklet{ATL-PHYS-PUB-2018-003,
    author         = "{ATLAS Collaboration}",
    title          = "{Studies of radial distortions of the ATLAS Inner Detector}",
    howpublished   = "{ATL-PHYS-PUB-2018-003}",
    url            = "https://cds.cern.ch/record/2309785",
    year           = "2018",
}

@Booklet{ATL-PHYS-PUB-2018-004,
    author         = "{ATLAS Collaboration}",
    title          = "{Impact of parton distribution functions in the proton on precision measurements of Drell--Yan observables}",
    howpublished   = "{ATL-PHYS-PUB-2018-004}",
    url            = "https://cds.cern.ch/record/2310738",
    year           = "2018",
}

@Booklet{ATL-PHYS-PUB-2018-005,
    author         = "{ATLAS Collaboration}",
    title          = "{Prospects for the \(\mathcal{B}(B^0_{(s)} \rightarrow \mu^+ \mu^-)\) measurements with the ATLAS detector in the Run~2 and HL-LHC data campaigns}",
    howpublished   = "{ATL-PHYS-PUB-2018-005}",
    url            = "https://cds.cern.ch/record/2317211",
    year           = "2018",
}

@Booklet{ATL-PHYS-PUB-2018-006,
    author         = "{ATLAS Collaboration}",
    title          = "{Prospects for the measurement of the rare Higgs boson decay \(H \rightarrow \mu\mu\) with \(3000~\text{fb}^{-1}\) of \(pp\) collisions collected at \(\sqrt{s} = 14~\text{TeV}\) by the ATLAS experiment}",
    howpublished   = "{ATL-PHYS-PUB-2018-006}",
    url            = "https://cds.cern.ch/record/2319741",
    year           = "2018",
}

@Booklet{ATL-PHYS-PUB-2018-007,
    author         = "{ATLAS Collaboration}",
    title          = "{Study of multiple hard-scatter processes from different \(pp\) interactions in the same ATLAS event}",
    howpublished   = "{ATL-PHYS-PUB-2018-007}",
    url            = "https://cds.cern.ch/record/2320419",
    year           = "2018",
}

@Booklet{ATL-PHYS-PUB-2018-008,
    author         = "{ATLAS Collaboration}",
    title          = "{Search for scalar dark energy in \(t\bar{t}+E^{\text{miss}}_{\text{T}}\) and mono-jet final states with the ATLAS detector}",
    howpublished   = "{ATL-PHYS-PUB-2018-008}",
    url            = "https://cds.cern.ch/record/2627837",
    year           = "2018",
}

@Booklet{ATL-PHYS-PUB-2018-009,
    author         = "{ATLAS Collaboration}",
    title          = "{Improvements in \(t\bar{t}\) modelling using NLO+PS Monte Carlo generators for Run~2}",
    howpublished   = "{ATL-PHYS-PUB-2018-009}",
    url            = "https://cds.cern.ch/record/2630327",
    year           = "2018",
}

@Booklet{ATL-PHYS-PUB-2018-010,
    author         = "{ATLAS Collaboration}",
    title          = "{Impact of theory uncertainties related to Higgs boson production in the \(H \rightarrow ZZ^* \rightarrow 4l\) and the \(t\bar{t}H\) channels with the ATLAS detector at the HL-LHC}",
    howpublished   = "{ATL-PHYS-PUB-2018-010}",
    url            = "https://cds.cern.ch/record/2630602",
    year           = "2018",
}

@Booklet{ATL-PHYS-PUB-2018-011,
    author         = "{ATLAS Collaboration}",
    title          = "{Impact of Pile-up on Jet Constituent Multiplicity in ATLAS}",
    howpublished   = "{ATL-PHYS-PUB-2018-011}",
    url            = "https://cds.cern.ch/record/2630603",
    year           = "2018",
}

@Booklet{ATL-PHYS-PUB-2018-012,
    author         = "{ATLAS Collaboration}",
    title          = "{Track assisted techniques for jet substructure}",
    howpublished   = "{ATL-PHYS-PUB-2018-012}",
    url            = "https://cds.cern.ch/record/2630864",
    year           = "2018",
}

@Booklet{ATL-PHYS-PUB-2018-013,
    author         = "{ATLAS Collaboration}",
    title          = "{Generalized Numerical Inversion: A Neutral Network Approach to Jet Calibration}",
    howpublished   = "{ATL-PHYS-PUB-2018-013}",
    url            = "https://cds.cern.ch/record/2630972",
    year           = "2018",
}

@Booklet{ATL-PHYS-PUB-2018-014,
    author         = "{ATLAS Collaboration}",
    title          = "{Performance of mass-decorrelated jet substructure observables for hadronic two-body decay tagging in ATLAS}",
    howpublished   = "{ATL-PHYS-PUB-2018-014}",
    url            = "https://cds.cern.ch/record/2630973",
    year           = "2018",
}

@Booklet{ATL-PHYS-PUB-2018-015,
    author         = "{ATLAS Collaboration}",
    title          = "{Jet Mass Resolutions in ATLAS using Run~2 Monte Carlo Simulation}",
    howpublished   = "{ATL-PHYS-PUB-2018-015}",
    url            = "https://cds.cern.ch/record/2631339",
    year           = "2018",
}

@Booklet{ATL-PHYS-PUB-2018-016,
    author         = "{ATLAS Collaboration}",
    title          = "{Prospects for \(H \rightarrow c\bar{c}\) using Charm Tagging with the ATLAS Experiment at the HL-LHC}",
    howpublished   = "{ATL-PHYS-PUB-2018-016}",
    url            = "https://cds.cern.ch/record/2633635",
    year           = "2018",
}

@Booklet{ATL-PHYS-PUB-2018-017,
    author         = "{ATLAS Collaboration}",
    title          = "{Determination of the parton distribution functions of the proton from ATLAS measurements of differential \(W\) and \(Z/\gamma^*\) boson and \(t\bar{t}\) cross sections}",
    howpublished   = "{ATL-PHYS-PUB-2018-017}",
    url            = "https://cds.cern.ch/record/2633819",
    year           = "2018",
}

@Booklet{ATL-PHYS-PUB-2018-018,
    author         = "{ATLAS Collaboration}",
    title          = "{Prospects for Measurements of Photon-Induced Processes in Ultra-Peripheral Collisions of Heavy Ions with the ATLAS Detector in the LHC Runs~3 and 4}",
    howpublished   = "{ATL-PHYS-PUB-2018-018}",
    url            = "https://cds.cern.ch/record/2641655",
    year           = "2018",
}

@Booklet{ATL-PHYS-PUB-2018-019,
    author         = "{ATLAS Collaboration}",
    title          = "{Projections for ATLAS Measurements of Jet Modifications in Pb+Pb Collisions in LHC Runs 3 and 4}",
    howpublished   = "{ATL-PHYS-PUB-2018-019}",
    url            = "https://cds.cern.ch/record/2644406",
    year           = "2018",
}

@Booklet{ATL-PHYS-PUB-2018-020,
    author         = "{ATLAS Collaboration}",
    title          = "{Projections for ATLAS Measurements of Bulk Properties of Pb+Pb, \(p\)+Pb, and \(pp\) Collisions in LHC Runs 3 and 4}",
    howpublished   = "{ATL-PHYS-PUB-2018-020}",
    url            = "https://cds.cern.ch/record/2644407",
    year           = "2018",
}

@Booklet{ATL-PHYS-PUB-2018-021,
    author         = "{ATLAS Collaboration}",
    title          = "{ATLAS sensitivity to top squark pair production at the HL-LHC}",
    howpublished   = "{ATL-PHYS-PUB-2018-021}",
    url            = "https://cds.cern.ch/record/2644831",
    year           = "2018",
}

@Booklet{ATL-PHYS-PUB-2018-022,
    author         = "{ATLAS Collaboration}",
    title          = "{HL-LHC prospects for diboson resonance searches and electroweak vector boson scattering in the \(WW/WZ \to \ell\nu qq\) final state}",
    howpublished   = "{ATL-PHYS-PUB-2018-022}",
    url            = "https://cds.cern.ch/record/2645269",
    year           = "2018",
}

@Booklet{ATL-PHYS-PUB-2018-023,
    author         = "{ATLAS Collaboration}",
    title          = "{Prospective study of vector boson scattering in \(WZ\) fully leptonic final state at HL-LHC}",
    howpublished   = "{ATL-PHYS-PUB-2018-023}",
    url            = "https://cds.cern.ch/record/2645271",
    year           = "2018",
}

@Booklet{ATL-PHYS-PUB-2018-024,
    author         = "{ATLAS Collaboration}",
    title          = "{Prospects for a search of invisible particles produced in association with single-top quarks with the ATLAS detector at the HL-LHC}",
    howpublished   = "{ATL-PHYS-PUB-2018-024}",
    url            = "https://cds.cern.ch/record/2645274",
    year           = "2018",
}

@Booklet{ATL-PHYS-PUB-2018-025,
    author         = "{ATLAS Collaboration}",
    title          = "{Topological \(b\)-hadron decay reconstruction and identification of \(b\)-jets with the JetFitter package in the ATLAS experiment at the LHC}",
    howpublished   = "{ATL-PHYS-PUB-2018-025}",
    url            = "https://cds.cern.ch/record/2645405",
    year           = "2018",
}

@Booklet{ATL-PHYS-PUB-2018-026,
    author         = "{ATLAS Collaboration}",
    title          = "{Prospects for the measurement of the \(W\)-boson mass at the HL- and HE-LHC}",
    howpublished   = "{ATL-PHYS-PUB-2018-026}",
    url            = "https://cds.cern.ch/record/2645431",
    year           = "2018",
}

@Booklet{ATL-PHYS-PUB-2018-027,
    author         = "{ATLAS Collaboration}",
    title          = "{ATLAS sensitivity to Two-Higgs-Doublet models with an additional pseudoscalar exploiting four top quark signatures with 3ab\(^{-1}\) of \(\sqrt{s} = 14~\text{TeV}\) proton--proton collisions}",
    howpublished   = "{ATL-PHYS-PUB-2018-027}",
    url            = "https://cds.cern.ch/record/2645845",
    year           = "2018",
}

@Booklet{ATL-PHYS-PUB-2018-028,
    author         = "{ATLAS Collaboration}",
    title          = "{Search prospects for resonant Higgs boson pair production in the \(b\bar{b}b\bar{b}\) final state with large-radius jets from \(pp\) collisions at the HL-LHC}",
    howpublished   = "{ATL-PHYS-PUB-2018-028}",
    url            = "https://cds.cern.ch/record/2646889",
    year           = "2018",
}

@Booklet{ATL-PHYS-PUB-2018-029,
    author         = "{ATLAS Collaboration}",
    title          = "{Prospect study of electroweak production of a \(Z\) boson pair plus two jets at the HL-LHC}",
    howpublished   = "{ATL-PHYS-PUB-2018-029}",
    url            = "https://cds.cern.ch/record/2647219",
    year           = "2018",
}

@Booklet{ATL-PHYS-PUB-2018-030,
    author         = "{ATLAS Collaboration}",
    title          = "{Prospect studies for the production of three massive vector bosons with the ATLAS detector at the High-Luminosity LHC}",
    howpublished   = "{ATL-PHYS-PUB-2018-030}",
    url            = "https://cds.cern.ch/record/2647220",
    year           = "2018",
}

@Booklet{ATL-PHYS-PUB-2018-031,
    author         = "{ATLAS Collaboration}",
    title          = "{ATLAS sensitivity to winos and higgsinos with a highly compressed mass spectrum at the HL-LHC}",
    howpublished   = "{ATL-PHYS-PUB-2018-031}",
    url            = "https://cds.cern.ch/record/2647294",
    year           = "2018",
}

@Booklet{ATL-PHYS-PUB-2018-032,
    author         = "{ATLAS Collaboration}",
    title          = "{Prospects for lepton flavour violation measurements in \(\tau \to 3 \mu\) decays with the ATLAS detector at the HL-LHC}",
    howpublished   = "{ATL-PHYS-PUB-2018-032}",
    url            = "https://cds.cern.ch/record/2647956",
    year           = "2018",
}

@Booklet{ATL-PHYS-PUB-2018-033,
    author         = "{ATLAS Collaboration}",
    title          = "{Sensitivity of the ATLAS experiment to long-lived particles with a displaced vertex and \(E_{\text{T}}^{\text{miss}}\) signature at the HL-LHC}",
    howpublished   = "{ATL-PHYS-PUB-2018-033}",
    url            = "https://cds.cern.ch/record/2647992",
    year           = "2018",
}

@Booklet{ATL-PHYS-PUB-2018-035,
    author         = "{ATLAS Collaboration}",
    title          = "{Evaluation of theoretical uncertainties for simplified template cross section measurements of \(V\)-associated production of the Higgs boson}",
    howpublished   = "{ATL-PHYS-PUB-2018-035}",
    url            = "https://cds.cern.ch/record/2649241",
    year           = "2018",
}

@Booklet{ATL-PHYS-PUB-2018-036,
    author         = "{ATLAS Collaboration}",
    title          = "{ATLAS sensitivity to dark matter produced in association with heavy quarks at the HL-LHC}",
    howpublished   = "{ATL-PHYS-PUB-2018-036}",
    url            = "https://cds.cern.ch/record/2649243",
    year           = "2018",
}

@Booklet{ATL-PHYS-PUB-2018-037,
    author         = "{ATLAS Collaboration}",
    title          = "{Prospect for a measurement of the Weak Mixing Angle in \(pp \to Z/\gamma^* \to e^+e^-\) events with the ATLAS detector at the High Luminosity Large Hadron Collider}",
    howpublished   = "{ATL-PHYS-PUB-2018-037}",
    url            = "https://cds.cern.ch/record/2649330",
    year           = "2018",
}

@Booklet{ATL-PHYS-PUB-2018-038,
    author         = "{ATLAS Collaboration}",
    title          = "{Prospects for Dark Matter searches in mono-photon and VBF+\(E_{\text{T}}^{\text{miss}}\) final states in ATLAS}",
    howpublished   = "{ATL-PHYS-PUB-2018-038}",
    url            = "https://cds.cern.ch/record/2649443",
    year           = "2018",
}

@Booklet{ATL-PHYS-PUB-2018-039,
    author         = "{ATLAS Collaboration}",
    title          = "{Expected ATLAS Measurement Capabilities of Observables Sensitive to Nuclear Parton Distributions}",
    howpublished   = "{ATL-PHYS-PUB-2018-039}",
    url            = "https://cds.cern.ch/record/2649445",
    year           = "2018",
}

@Booklet{ATL-PHYS-PUB-2018-040,
    author         = "{ATLAS Collaboration}",
    title          = "{Prospects for differential cross-section measurements of Higgs boson production measured in decays to \(ZZ\) and \(\gamma\gamma\) with the ATLAS Experiment at the High-Luminosity LHC}",
    howpublished   = "{ATL-PHYS-PUB-2018-040}",
    url            = "https://cds.cern.ch/record/2649879",
    year           = "2018",
}

@Booklet{ATL-PHYS-PUB-2018-041,
    author         = "{ATLAS Collaboration}",
    title          = "{CP-violation measurement prospects in the \(B^0_s \to J/\psi\phi\) channel with the upgraded ATLAS detector at the HL-LHC}",
    howpublished   = "{ATL-PHYS-PUB-2018-041}",
    url            = "https://cds.cern.ch/record/2649881",
    year           = "2018",
}

@Booklet{ATL-PHYS-PUB-2018-042,
    author         = "{ATLAS Collaboration}",
    title          = "{Prospects for measurement of the top quark mass using \(t\bar{t}\) events with \(J/\psi \to \mu^+ \mu^-\) decays with the upgraded ATLAS detector at the High Luminosity LHC}",
    howpublished   = "{ATL-PHYS-PUB-2018-042}",
    url            = "https://cds.cern.ch/record/2649882",
    year           = "2018",
}

@Booklet{ATL-PHYS-PUB-2018-043,
    author         = "{ATLAS Collaboration}",
    title          = "{Extrapolation of \(E_{\text{T}}^{\text{miss}}\) + jet search results to an integrated luminosity of \(300~\text{fb}^{-1}\)}",
    howpublished   = "{ATL-PHYS-PUB-2018-043}",
    url            = "https://cds.cern.ch/record/2650050",
    year           = "2018",
}

@Booklet{ATL-PHYS-PUB-2018-044,
    author         = "{ATLAS Collaboration}",
    title          = "{Prospects for searches for heavy \(Z'\) and \(W'\) bosons in fermionic final states with the ATLAS experiment at the HL-LHC}",
    howpublished   = "{ATL-PHYS-PUB-2018-044}",
    url            = "https://cds.cern.ch/record/2650549",
    year           = "2018",
}

@Booklet{ATL-PHYS-PUB-2018-047,
    author         = "{ATLAS Collaboration}",
    title          = "{HL-LHC prospects for the measurement of the Standard Model four-top-quark production cross-section}",
    howpublished   = "{ATL-PHYS-PUB-2018-047}",
    url            = "https://cds.cern.ch/record/2651870",
    year           = "2018",
}

@Booklet{ATL-PHYS-PUB-2018-048,
    author         = "{ATLAS Collaboration}",
    title          = "{Prospects for searches for staus, charginos and neutralinos at the high luminosity LHC with the ATLAS Detector}",
    howpublished   = "{ATL-PHYS-PUB-2018-048}",
    url            = "https://cds.cern.ch/record/2651927",
    year           = "2018",
}

@Booklet{ATL-PHYS-PUB-2018-049,
    author         = "{ATLAS Collaboration}",
    title          = "{Prospects for the measurement of \(t\bar{t}\gamma\) with the upgraded ATLAS detector at the High-Luminosity LHC}",
    howpublished   = "{ATL-PHYS-PUB-2018-049}",
    url            = "https://cds.cern.ch/record/2652168",
    year           = "2018",
}

@Booklet{ATL-PHYS-PUB-2018-050,
    author         = "{ATLAS Collaboration}",
    title          = "{Prospects for the search for additional Higgs bosons in the ditau final state with the ATLAS detector at HL-LHC}",
    howpublished   = "{ATL-PHYS-PUB-2018-050}",
    url            = "https://cds.cern.ch/record/2652284",
    year           = "2018",
}

@Booklet{ATL-PHYS-PUB-2018-051,
    author         = "{ATLAS Collaboration}",
    title          = "{Prospects for jet and photon physics at the HL-LHC and HE-LHC}",
    howpublished   = "{ATL-PHYS-PUB-2018-051}",
    url            = "https://cds.cern.ch/record/2652285",
    year           = "2018",
}

@Booklet{ATL-PHYS-PUB-2018-052,
    author         = "{ATLAS Collaboration}",
    title          = "{Prospects for the measurement of the \(W^{\pm} W^{\pm}\) scattering cross section and extraction of the longitudinal scattering component in \(pp\) collisions at the High-Luminosity LHC with the ATLAS Experiment}",
    howpublished   = "{ATL-PHYS-PUB-2018-052}",
    url            = "https://cds.cern.ch/record/2652447",
    year           = "2018",
}

@Booklet{ATL-PHYS-PUB-2018-053,
    author         = "{ATLAS Collaboration}",
    title          = "{Measurement prospects of the pair production and self-coupling of the Higgs boson with the ATLAS experiment at the HL-LHC}",
    howpublished   = "{ATL-PHYS-PUB-2018-053}",
    url            = "https://cds.cern.ch/record/2652727",
    year           = "2018",
}

@Booklet{ATL-PHYS-PUB-2018-054,
    author         = "{ATLAS Collaboration}",
    title          = "{Projections for measurements of Higgs boson cross sections, branching ratios, coupling parameters and mass with the ATLAS detector at the HL-LHC}",
    howpublished   = "{ATL-PHYS-PUB-2018-054}",
    url            = "https://cds.cern.ch/record/2652762",
    year           = "2018",
}

@Booklet{ATL-SOFT-PUB-2018-001,
    author         = "{ATLAS Collaboration}",
    title          = "{Deep generative models for fast shower simulation in ATLAS}",
    howpublished   = "{ATL-SOFT-PUB-2018-001}",
    url            = "https://cds.cern.ch/record/2630433",
    year           = "2018",
}

@Booklet{ATL-SOFT-PUB-2018-002,
    author         = "{ATLAS Collaboration}",
    title          = "{The new Fast Calorimeter Simulation in ATLAS}",
    howpublished   = "{ATL-SOFT-PUB-2018-002}",
    url            = "https://cds.cern.ch/record/2630434",
    year           = "2018",
}

@Booklet{ATL-DAQ-PUB-2019-001,
    author         = "{ATLAS Collaboration}",
    title          = "{Trigger Menu in 2018}",
    howpublished   = "{ATL-DAQ-PUB-2019-001}",
    url            = "https://cds.cern.ch/record/2693402",
    year           = "2019",
}

@Booklet{ATL-INDET-PUB-2019-001,
    author         = "{ATLAS Collaboration}",
    title          = "{Measurement of radiation damage through leakage current monitoring of the ATLAS Pixel Detector}",
    howpublished   = "{ATL-INDET-PUB-2019-001}",
    url            = "https://cds.cern.ch/record/2699903",
    year           = "2019",
}

@Booklet{ATL-PHYS-PUB-2019-001,
    author         = "{ATLAS Collaboration}",
    title          = "{Sensitivity of searches for the flavour-changing neutral current decay \(t \to qZ\) using the upgraded ATLAS experiment at the High Luminosity LHC}",
    howpublished   = "{ATL-PHYS-PUB-2019-001}",
    url            = "https://cds.cern.ch/record/2653389",
    year           = "2019",
}

@Booklet{ATL-PHYS-PUB-2019-002,
    author         = "{ATLAS Collaboration}",
    title          = "{Search prospects for dark-photons decaying to displaced collimated jets of muons at HL-LHC}",
    howpublished   = "{ATL-PHYS-PUB-2019-002}",
    url            = "https://cds.cern.ch/record/2654518",
    year           = "2019",
}

@Booklet{ATL-PHYS-PUB-2019-003,
    author         = "{ATLAS Collaboration}",
    title          = "{\(B^{0}_{d} \to K^{*0}\mu\mu\) angular analysis prospects with the upgraded ATLAS detector at the HL-LHC}",
    howpublished   = "{ATL-PHYS-PUB-2019-003}",
    url            = "https://cds.cern.ch/record/2654519",
    year           = "2019",
}

@Booklet{ATL-PHYS-PUB-2019-004,
    author         = "{ATLAS Collaboration}",
    title          = "{Modelling of the vector boson scattering process \(pp \to W^{\pm} W^{\pm} jj\) in Monte Carlo generators in ATLAS}",
    howpublished   = "{ATL-PHYS-PUB-2019-004}",
    url            = "https://cds.cern.ch/record/2655303",
    year           = "2019",
}

@Booklet{ATL-PHYS-PUB-2019-005,
    author         = "{ATLAS Collaboration}",
    title          = "{Expected performance of the ATLAS detector at the High-Luminosity LHC}",
    howpublished   = "{ATL-PHYS-PUB-2019-005}",
    url            = "https://cds.cern.ch/record/2655304",
    year           = "2019",
}

@Booklet{ATL-PHYS-PUB-2019-006,
    author         = "{ATLAS Collaboration}",
    title          = "{Report on the Physics at the HL-LHC and Perspectives for the HE-LHC}",
    howpublished   = "{ATL-PHYS-PUB-2019-006}",
    url            = "https://cds.cern.ch/record/2664870",
    year           = "2019",
}

@Booklet{ATL-PHYS-PUB-2019-008,
    author         = "{ATLAS Collaboration}",
    title          = "{Probing the \(\mathcal{CP}\) nature of the Higgs boson coupling to \(\tau\) leptons at HL-LHC}",
    howpublished   = "{ATL-PHYS-PUB-2019-008}",
    url            = "https://cds.cern.ch/record/2665667",
    year           = "2019",
}

@Booklet{ATL-PHYS-PUB-2019-009,
    author         = "{ATLAS Collaboration}",
    title          = "{Constraint of the Higgs boson self-coupling from Higgs boson differential production and decay measurements}",
    howpublished   = "{ATL-PHYS-PUB-2019-009}",
    url            = "https://cds.cern.ch/record/2667570",
    year           = "2019",
}

@Booklet{ATL-PHYS-PUB-2019-011,
    author         = "{ATLAS Collaboration}",
    title          = "{Performance of tracking and vertexing techniques for a disappearing track plus soft track signature with the ATLAS detector}",
    howpublished   = "{ATL-PHYS-PUB-2019-011}",
    url            = "https://cds.cern.ch/record/2669015",
    year           = "2019",
}

@Booklet{ATL-PHYS-PUB-2019-013,
    author         = "{ATLAS Collaboration}",
    title          = "{Performance of vertex reconstruction algorithms for detection of new long-lived particle decays within the ATLAS inner detector}",
    howpublished   = "{ATL-PHYS-PUB-2019-013}",
    url            = "https://cds.cern.ch/record/2669425",
    year           = "2019",
}

@Booklet{ATL-PHYS-PUB-2019-014,
    author         = "{ATLAS Collaboration}",
    title          = "{Expected Tracking Performance of the ATLAS Inner Tracker at the HL-LHC}",
    howpublished   = "{ATL-PHYS-PUB-2019-014}",
    url            = "https://cds.cern.ch/record/2669540",
    year           = "2019",
}

@Booklet{ATL-PHYS-PUB-2019-015,
    author         = "{ATLAS Collaboration}",
    title          = "{Development of ATLAS Primary Vertex Reconstruction for LHC Run 3}",
    howpublished   = "{ATL-PHYS-PUB-2019-015}",
    url            = "https://cds.cern.ch/record/2670380",
    year           = "2019",
}

@Booklet{ATL-PHYS-PUB-2019-016,
    author         = "{ATLAS Collaboration}",
    title          = "{QCD analysis of ATLAS \(W^{\pm}\) boson production data in association with jets}",
    howpublished   = "{ATL-PHYS-PUB-2019-016}",
    url            = "https://cds.cern.ch/record/2670662",
    year           = "2019",
}

@Booklet{ATL-PHYS-PUB-2019-017,
    author         = "{ATLAS Collaboration}",
    title          = "{Multijet simulation for \(13\,\text{TeV}\) ATLAS Analyses}",
    howpublished   = "{ATL-PHYS-PUB-2019-017}",
    url            = "https://cds.cern.ch/record/2672252",
    year           = "2019",
}

@Booklet{ATL-PHYS-PUB-2019-018,
    author         = "{ATLAS Collaboration}",
    title          = "{Validation of the muon momentum corrections for the ATLAS simulation using the \(\Upsilon \to \mu\mu\) channel based on \(36.5\,\text{fb}^{-1}\) of \(pp\) collision data collected in 2015 and 2016}",
    howpublished   = "{ATL-PHYS-PUB-2019-018}",
    url            = "https://cds.cern.ch/record/2674152",
    year           = "2019",
}

@Booklet{ATL-PHYS-PUB-2019-019,
    author         = "{ATLAS Collaboration}",
    title          = "{Generation and Simulation of \(R\)-Hadrons in the ATLAS Experiment}",
    howpublished   = "{ATL-PHYS-PUB-2019-019}",
    url            = "https://cds.cern.ch/record/2676309",
    year           = "2019",
}

@Booklet{ATL-PHYS-PUB-2019-025,
    author         = "{ATLAS Collaboration}",
    title          = "{Transverse momentum response and reconstruction efficiency for jets from displaced decays in the ATLAS detector}",
    howpublished   = "{ATL-PHYS-PUB-2019-025}",
    url            = "https://cds.cern.ch/record/2682843",
    year           = "2019",
}

@Booklet{ATL-PHYS-PUB-2019-026,
    author         = "{ATLAS Collaboration}",
    title          = "{Forward jet vertex tagging using the particle flow algorithm}",
    howpublished   = "{ATL-PHYS-PUB-2019-026}",
    url            = "https://cds.cern.ch/record/2683100",
    year           = "2019",
}

@Booklet{ATL-PHYS-PUB-2019-027,
    author         = "{ATLAS Collaboration}",
    title          = "{Impact of Alternative Inputs and Jet Grooming on Large-\(R\) Jet Performance}",
    howpublished   = "{ATL-PHYS-PUB-2019-027}",
    url            = "https://cds.cern.ch/record/2683619",
    year           = "2019",
}

@Booklet{ATL-PHYS-PUB-2019-028,
    author         = "{ATLAS Collaboration}",
    title          = "{Convolutional Neural Networks with Event Images for Pileup Mitigation in \(E_{\text{T}}^{\text{miss}}\) reconstruction with the ATLAS Detector}",
    howpublished   = "{ATL-PHYS-PUB-2019-028}",
    url            = "https://cds.cern.ch/record/2684070",
    year           = "2019",
}

@Booklet{ATL-PHYS-PUB-2019-029,
    author         = "{ATLAS Collaboration}",
    title          = "{Reproduction searches for new physics with the ATLAS experiment through publication of full statistical likelihoods}",
    howpublished   = "{ATL-PHYS-PUB-2019-029}",
    url            = "https://cds.cern.ch/record/2684863",
    year           = "2019",
}

@Booklet{ATL-PHYS-PUB-2019-032,
    author         = "{ATLAS Collaboration}",
    title          = "{RECAST framework reinterpretation of an ATLAS Dark Matter Search constraining a model of a dark Higgs boson decaying to two \(b\)-quarks}",
    howpublished   = "{ATL-PHYS-PUB-2019-032}",
    url            = "https://cds.cern.ch/record/2686290",
    year           = "2019",
}

@Booklet{ATL-PHYS-PUB-2019-033,
    author         = "{ATLAS Collaboration}",
    title          = "{Identification of hadronic tau lepton decays using neural networks in the ATLAS experiment}",
    howpublished   = "{ATL-PHYS-PUB-2019-033}",
    url            = "https://cds.cern.ch/record/2688062",
    year           = "2019",
}

@Booklet{ATL-PHYS-PUB-2019-039,
    author         = "{ATLAS Collaboration}",
    title          = "{Improved description of the di-tau final state in events with associated production of a \(W\) boson and jets in the ATLAS detector using the tau-promotion method}",
    howpublished   = "{ATL-PHYS-PUB-2019-039}",
    url            = "https://cds.cern.ch/record/2692073",
    year           = "2019",
}

@Booklet{ATL-PHYS-PUB-2019-041,
    author         = "{ATLAS Collaboration}",
    title          = "{Fast Track Reconstruction for HL-LHC}",
    howpublished   = "{ATL-PHYS-PUB-2019-041}",
    url            = "https://cds.cern.ch/record/2693670",
    year           = "2019",
}

@Booklet{ATL-PHYS-PUB-2019-042,
    author         = "{ATLAS Collaboration}",
    title          = "{Methodology for EFT interpretation of Higgs boson simplified template cross-section results in ATLAS}",
    howpublished   = "{ATL-PHYS-PUB-2019-042}",
    url            = "https://cds.cern.ch/record/2694284",
    year           = "2019",
}

@Booklet{ATL-FWD-PUB-2020-001,
    author         = "{ATLAS Collaboration}",
    title          = "{Measurement of beam background in special high-\(\beta^*\) LHC runs at \(\sqrt(s) = 900\,\text{GeV}\) using the ATLAS-ALFA detectors}",
    howpublished   = "{ATL-FWD-PUB-2020-001}",
    url            = "https://cds.cern.ch/record/2717459",
    year           = "2020",
}

@Booklet{ATL-OREACH-PUB-2020-001,
    author         = "{ATLAS Collaboration}",
    title          = "{Review of the \(13\,\text{TeV}\) ATLAS Open Data release}",
    howpublished   = "{ATL-OREACH-PUB-2020-001}",
    url            = "https://cds.cern.ch/record/2707171",
    year           = "2020",
}

@Booklet{ATL-PHYS-PUB-2020-001,
    author         = "{ATLAS Collaboration}",
    title          = "{Simultaneous Jet Energy and Mass Calibrations with Neural Networks}",
    howpublished   = "{ATL-PHYS-PUB-2020-001}",
    url            = "https://cds.cern.ch/record/2706189",
    year           = "2020",
}

@Booklet{ATL-PHYS-PUB-2020-002,
    author         = "{ATLAS Collaboration}",
    title          = "{Identification of very-low transverse momentum muons in the ATLAS experiment}",
    howpublished   = "{ATL-PHYS-PUB-2020-002}",
    url            = "https://cds.cern.ch/record/2710574",
    year           = "2020",
}

@Booklet{ATL-PHYS-PUB-2020-003,
    author         = "{ATLAS Collaboration}",
    title          = "{Compilation plots of Run~2 Heavy Ions results for Quark Matter 2019}",
    howpublished   = "{ATL-PHYS-PUB-2020-003}",
    url            = "https://cds.cern.ch/record/2710577",
    year           = "2020",
}

@Booklet{ATL-PHYS-PUB-2020-004,
    author         = "{ATLAS Collaboration}",
    title          = "{Optimisation of the smoothing of \(b\)-jet identification efficiency and mistag rate simulation-to-data scale factors in ATLAS}",
    howpublished   = "{ATL-PHYS-PUB-2020-004}",
    url            = "https://cds.cern.ch/record/2710598",
    year           = "2020",
}

@Booklet{ATL-PHYS-PUB-2020-005,
    author         = "{ATLAS Collaboration}",
    title          = "{Expected \(b\)-tagging Performance with the upgraded ATLAS Inner Tracker Detector at the High-Luminosity LHC}",
    howpublished   = "{ATL-PHYS-PUB-2020-005}",
    url            = "https://cds.cern.ch/record/2713377",
    year           = "2020",
}

@Booklet{ATL-PHYS-PUB-2020-007,
    author         = "{ATLAS Collaboration}",
    title          = "{Reinterpretation of the ATLAS Search for Displaced Hadronic Jets with the RECAST Framework}",
    howpublished   = "{ATL-PHYS-PUB-2020-007}",
    url            = "https://cds.cern.ch/record/2714064",
    year           = "2020",
}

@Booklet{ATL-PHYS-PUB-2020-008,
    author         = "{ATLAS Collaboration}",
    title          = "{A \(W/Z\)-boson tagger using Track-CaloCluster jets with ATLAS}",
    howpublished   = "{ATL-PHYS-PUB-2020-008}",
    url            = "https://cds.cern.ch/record/2718218",
    year           = "2020",
}

@Booklet{ATL-PHYS-PUB-2020-009,
    author         = "{ATLAS Collaboration}",
    title          = "{Monte Carlo to Monte Carlo scale factors for flavour tagging efficiency calibration}",
    howpublished   = "{ATL-PHYS-PUB-2020-009}",
    url            = "https://cds.cern.ch/record/2718610",
    year           = "2020",
}

@Booklet{ATL-PHYS-PUB-2020-014,
    author         = "{ATLAS Collaboration}",
    title          = "{Deep Sets based Neural Networks for Impact Parameter Flavour Tagging in ATLAS}",
    howpublished   = "{ATL-PHYS-PUB-2020-014}",
    url            = "https://cds.cern.ch/record/2718948",
    year           = "2020",
}

@Booklet{ATL-PHYS-PUB-2020-017,
    author         = "{ATLAS Collaboration}",
    title          = "{Boosted hadronic vector boson and top quark tagging with ATLAS using Run 2 data}",
    howpublished   = "{ATL-PHYS-PUB-2020-017}",
    url            = "https://cds.cern.ch/record/2724149",
    year           = "2020",
}

@Booklet{ATL-PHYS-PUB-2020-018,
    author         = "{ATLAS Collaboration}",
    title          = "{Deep Learning for Pion Identification and Energy Calibration with the ATLAS Detector}",
    howpublished   = "{ATL-PHYS-PUB-2020-018}",
    url            = "https://cds.cern.ch/record/2724632",
    year           = "2020",
}

@Booklet{ATL-PHYS-PUB-2020-019,
    author         = "{ATLAS Collaboration}",
    title          = "{Identification of Boosted Higgs Bosons Decaying Into \(b\bar{b}\) With Neural Networks and Variable Radius Subjets in ATLAS}",
    howpublished   = "{ATL-PHYS-PUB-2020-019}",
    url            = "https://cds.cern.ch/record/2724739",
    year           = "2020",
}

