% Put you own bibliography entries in this file

@article{Bellagente:2020piv,
    author = {Bellagente, Marco and Butter, Anja and Kasieczka, Gregor and Plehn, Tilman and Rousselot, Armand and Winterhalder, Ramon and Ardizzone, Lynton and K\"othe, Ullrich},
    title = "{Invertible Networks or Partons to Detector and Back Again}",
    eprint = "2006.06685",
    archivePrefix = "arXiv",
    primaryClass = "hep-ph",
    month = "6",
    year = "2020"
}
@article{shepp1982maximum,
  title={Maximum likelihood reconstruction for emission tomography},
  author={L. A. Shepp and Y. Vardi},
  journal={IEEE transactions on medical imaging},
  volume={1},
  number={2},
  pages={113--122},
  year={1982},
  publisher={IEEE},
  doi = {10.1109/TMI.1982.4307558},
}
@article{Balasubramanian:2019itp,
      author         = "Balasubramanian, Rahul and Brenner, Lydia and Burgard,
                        Carsten and Cowan, Glen and Croft, Vincent and Verkerke,
                        Wouter and Verschuuren, Pim",
      title          = "{Statistical method and comparison of different unfolding
                        techniques using RooFit}",
      year           = "2019",
      eprint         = "1910.14654",
      archivePrefix  = "arXiv",
      primaryClass   = "physics.data-an",
      SLACcitation   = "%%CITATION = ARXIV:1910.14654;%%"
}
	@article{Blobel:2203257,
      author        = "Blobel, Volker",
      title         = "{Unfolding Methods in Particle Physics}",
      pages         = "240",
      year          = "2011",
      journal="PHYSTAT2011 Proceedings",
      doi={10.5170/CERN-2011-006}
}
@article{doi:10.1002/9783527653416.ch6,
author = {Blobel, Volker},
title = {Unfolding},
journal = {Data Analysis in High Energy Physics},
pages = {187},
doi = {10.1002/9783527653416.ch6},
url = {https://onlinelibrary.wiley.com/doi/abs/10.1002/9783527653416.ch6},
year = {2013},
}
@article{Cowan:2002in,
      author         = "Cowan, G.",
      title          = "{A survey of unfolding methods for particle physics}",
      journal        = "Conf. Proc.",
      volume         = "C0203181",
      year           = "2002",
      pages          = "248",
      SLACcitation   = "%%CITATION = CONFP,C0203181,248;%%"
}


@article{Bellagente:2019uyp,
    author = "Bellagente, Marco and Butter, Anja and Kasieczka, Gregor and Plehn, Tilman and Winterhalder, Ramon",
    title = "{How to GAN away Detector Effects}",
    eprint = "1912.00477",
    archivePrefix = "arXiv",
    primaryClass = "hep-ph",
    doi = "10.21468/SciPostPhys.8.4.070",
    journal = "SciPost Phys.",
    volume = "8",
    number = "4",
    pages = "070",
    year = "2020"
}
@article{DAGOSTINI1995487,
title = "A multidimensional unfolding method based on Bayes' theorem",
journal = "NIM",
volume = "A 362",
number = "2",
pages = "487 - 498",
year = "1995",
issn = "0168-9002",
doi = "https://doi.org/10.1016/0168-9002(95)00274-X",
author = "G. D'Agostini",
}
@article{Aslan:2003vu,
    author = "Zech, G. and Aslan, B.",
    editor = "Lyons, L. and Mount, R.P. and Reitmeyer, R.",
    title = "{Binning-Free Unfolding Based on Monte Carlo Migration}",
    reportNumber = "PHYSTAT-2003-TUGT001",
    journal = "eConf",
    volume = "C030908",
    pages = "TUGT001",
    year = "2003"
}
@article{Lindemann:1995ut,
    author = "Lindemann, L. and Zech, Gunter",
    title = "{Unfolding by weighting Monte Carlo events}",
    doi = "10.1016/0168-9002(94)01067-6",
    journal = "Nucl. Instrum. Meth. A",
    volume = "354",
    pages = "516--521",
    year = "1995"
}
@article{Datta:2018mwd,
    author = "Datta, Kaustuv and Kar, Deepak and Roy, Debarati",
    title = "{Unfolding with Generative Adversarial Networks}",
    eprint = "1806.00433",
    archivePrefix = "arXiv",
    primaryClass = "physics.data-an",
    month = "6",
    year = "2018"
}
@article{Glazov:2017vni,
    author = "Glazov, Alexander",
    title = "{Machine learning as an instrument for data unfolding}",
    eprint = "1712.01814",
    archivePrefix = "arXiv",
    primaryClass = "physics.data-an",
    reportNumber = "DESY-17-214",
    month = "12",
    year = "2017"
}
@article{Gagunashvili:2010zw,
    author = "Gagunashvili, Nikolai D.",
    title = "{Machine learning approach to inverse problem and unfolding procedure}",
    eprint = "1004.2006",
    archivePrefix = "arXiv",
    primaryClass = "physics.data-an",
    month = "4",
    year = "2010"
}
@ARTICLE{1974AJ.....79..745L,
   author = {{Lucy}, L.~B.},
    title = "{An iterative technique for the rectification of observed distributions}",
  journal = {Astron. J.},
     year = 1974,
   volume = 79,
    pages = {745},
      doi = {10.1086/111605},
   adsurl = {https://ui.adsabs.harvard.edu/abs/1974AJ.....79..745L},
  adsnote = {Provided by the SAO/NASA Astrophysics Data System}
}
@article{Schmitt:2012kp,
    author = "Schmitt, Stefan",
    title = "{TUnfold: an algorithm for correcting migration effects in high energy physics}",
    eprint = "1205.6201",
    archivePrefix = "arXiv",
    primaryClass = "physics.data-an",
    reportNumber = "DESY-12-129",
    doi = "10.1088/1748-0221/7/10/T10003",
    journal = "JINST",
    volume = "7",
    pages = "T10003",
    year = "2012"
}
@article{Hocker:1995kb,
    author = "Hocker, Andreas and Kartvelishvili, Vakhtang",
    title = "{SVD approach to data unfolding}",
    eprint = "hep-ph/9509307",
    archivePrefix = "arXiv",
    reportNumber = "M-C-TH-95-15, LAL-95-55",
    doi = "10.1016/0168-9002(95)01478-0",
    journal = "Nucl. Instrum. Meth. A",
    volume = "372",
    pages = "469--481",
    year = "1996"
}
@article{Richardson:72,
author = {William Hadley Richardson},
journal = {J. Opt. Soc. Am.},
keywords = {Arrays; Deconvolution; Image processing; Point spread function},
number = {1},
pages = {55--59},
publisher = {OSA},
title = {Bayesian-Based Iterative Method of Image Restoration},
volume = {62},
year = {1972},
doi = {10.1364/JOSA.62.000055},
}
@article{STDM-2018-57,
    collaboration = "{ATLAS Collaboration}",
    title = "{Measurement of the Lund Jet Plane Using Charged Particles in 13 TeV Proton-Proton Collisions with the ATLAS Detector}",
    eprint = "2004.03540",
    archivePrefix = "arXiv",
    primaryClass = "hep-ex",
    reportNumber = "CERN-EP-2020-030",
    doi = "10.1103/PhysRevLett.124.222002",
    journal = "Phys. Rev. Lett.",
    volume = "124",
    number = "22",
    pages = "222002",
    year = "2020"
}
@article{1911.09107,
      author="{A. Andreassen, E. Metodiev, P. Komiske, B. Nachman, J. Thaler}",
      title="{OmniFold: A Method to Simultaneously Unfold All Observables}",
      eprint="1911.09107",
      archivePrefix = "arXiv",
      primaryClass = "hep-ph",
      journal = "Phys. Rev. Lett.",
      volume = "124",
      pages = "182001",
      doi = "10.1103/PhysRevLett.124.182001",
      year = "2020",
}

@article{Larkoski:2014pca,
    author = "Larkoski, Andrew J. and Thaler, Jesse and Waalewijn, Wouter J.",
    title = "{Gaining (Mutual) Information about Quark/Gluon Discrimination}",
    eprint = "1408.3122",
    archivePrefix = "arXiv",
    primaryClass = "hep-ph",
    reportNumber = "MIT--CTP-4572, NIKHEF-2014-026",
    doi = "10.1007/JHEP11(2014)129",
    journal = "JHEP",
    volume = "11",
    pages = "129",
    year = "2014"
}


@article{DAgnolo:2019vbw,
    author = "D'Agnolo, Raffaele Tito and Grosso, Gaia and Pierini, Maurizio and Wulzer, Andrea and Zanetti, Marco",
    title = "{Learning Multivariate New Physics}",
    eprint = "1912.12155",
    archivePrefix = "arXiv",
    primaryClass = "hep-ph",
    reportNumber = "CERN-TH-2019-226",
    month = "12",
    year = "2019"
}


@ARTICLE{2005math.....10521N,
       author = {{Nguyen}, XuanLong and {Wainwright}, Martin J. and {Jordan}, Michael I.},
        title = "{On surrogate loss functions and $f$-divergences}",
      journal = {arXiv Mathematics e-prints},
     keywords = {Mathematics - Statistics, Computer Science - Information Theory, 62G10, 68Q32, 62K05 (Primary)},
         year = 2005,
        month = oct,
          eid = {math/0510521},
        pages = {math/0510521},
archivePrefix = {arXiv},
       eprint = {math/0510521},
 primaryClass = {math.ST},
       adsurl = {https://ui.adsabs.harvard.edu/abs/2005math.....10521N},
      adsnote = {Provided by the SAO/NASA Astrophysics Data System}
}



@article{DAgnolo:2018cun,
    author = "D'Agnolo, Raffaele Tito and Wulzer, Andrea",
    title = "{Learning New Physics from a Machine}",
    eprint = "1806.02350",
    archivePrefix = "arXiv",
    primaryClass = "hep-ph",
    doi = "10.1103/PhysRevD.99.015014",
    journal = "Phys. Rev. D",
    volume = "99",
    number = "1",
    pages = "015014",
    year = "2019"
}

@article{Andreassen:2018apy,
    author = "Andreassen, Anders and Feige, Ilya and Frye, Christopher and Schwartz, Matthew D.",
    title = "{JUNIPR: a Framework for Unsupervised Machine Learning in Particle Physics}",
    eprint = "1804.09720",
    archivePrefix = "arXiv",
    primaryClass = "hep-ph",
    doi = "10.1140/epjc/s10052-019-6607-9",
    journal = "Eur. Phys. J. C",
    volume = "79",
    number = "2",
    pages = "102",
    year = "2019"
}


@article{Lai:2018ixk,
    author = "Lai, Yue Shi",
    title = "{Automated Discovery of Jet Substructure Analyses}",
    eprint = "1810.00835",
    archivePrefix = "arXiv",
    primaryClass = "nucl-th",
    month = "10",
    year = "2018"
}
@article{Du:2019civ,
    author = {Du, Yi-Lun and Zhou, Kai and Steinheimer, Jan and Pang, Long-Gang and Motornenko, Anton and Zong, Hong-Shi and Wang, Xin-Nian and St\"ocker, Horst},
    title = "{Identifying the nature of the QCD transition in relativistic collision of heavy nuclei with deep learning}",
    eprint = "1910.11530",
    archivePrefix = "arXiv",
    primaryClass = "hep-ph",
    doi = "10.1140/epjc/s10052-020-8030-7",
    journal = "Eur. Phys. J. C",
    volume = "80",
    number = "6",
    pages = "516",
    year = "2020"
}
@article{Mullin:2019mmh,
    author = "Mullin, Anna and Pacey, Holly and Parker, Michael and White, Martin and Williams, Sarah",
    title = "{Does SUSY have friends? A new approach for LHC event analysis}",
    eprint = "1912.10625",
    archivePrefix = "arXiv",
    primaryClass = "hep-ph",
    reportNumber = "ADP-20-1/T1111",
    month = "12",
    year = "2019"
}
@article{Chang:2020rtc,
    author = "Chang, Spencer and Chen, Ting-Kuo and Chiang, Cheng-Wei",
    title = "{Distinguishing $W'$ Signals at Hadron Colliders Using Neural Networks}",
    eprint = "2007.14586",
    archivePrefix = "arXiv",
    primaryClass = "hep-ph",
    month = "7",
    year = "2020"
}
@article{Flesher:2020kuy,
    author = "Flesher, Forrest and Fraser, Katherine and Hutchison, Charles and Ostdiek, Bryan and Schwartz, Matthew D.",
    title = "{Parameter Inference from Event Ensembles and the Top-Quark Mass}",
    eprint = "2011.04666",
    archivePrefix = "arXiv",
    primaryClass = "hep-ph",
    month = "11",
    year = "2020"
}
@article{2010.03569,
     author="{A. Andreassen, S. Hsu, B. Nachman, N. Suaysom, A. Suresh}",
     title="{Parameter Estimation using Neural Networks in the Presence of Detector Effects}",
     eprint="2010.03569",
     archivePrefix = "arXiv",
     primaryClass = "hep-ph",
     year = "2020",
}
@article{1907.08209,
     author="A. Andreassen and B. Nachman",
     title="{Neural Networks for Full Phase-space Reweighting and Parameter Tuning}",
     eprint="1907.08209",
     archivePrefix = "arXiv",
     primaryClass = "hep-ph",
     journal = "Phys. Rev. D",
     volume = "101",
     pages = "091901(R)",
     doi = "10.1103/PhysRevD.101.091901",
     year = "2020",
}
@dataset{gregor_kasieczka_2019_2629073,
  author       = {Gregor Kasieczka and
                  Ben Nachman and
                  David Shih},
  title        = {{R\&D Dataset for LHC Olympics 2020 Anomaly 
                   Detection Challenge}},
  month        = apr,
  year         = 2019,
  publisher    = {Zenodo},
  version      = {v1},
  doi          = {10.5281/zenodo.2629073},
  note          = {https://doi.org/10.5281/zenodo.2629073}
}
@article{Nguyen_2009,
   title={On surrogate loss functions and f-divergences},
   volume={37},
   ISSN={0090-5364},
   url={http://dx.doi.org/10.1214/08-AOS595},
   DOI={10.1214/08-aos595},
   number={2},
   journal={The Annals of Statistics},
   publisher={Institute of Mathematical Statistics},
   author={Nguyen, XuanLong and Wainwright, Martin J. and Jordan, Michael I.},
   year={2009},
   month={Apr},
   pages={876–904}
}
@article{Thaler:2010tr,
      author         = "Thaler, Jesse and Van Tilburg, Ken",
      title          = "{Identifying Boosted Objects with N-subjettiness}",
      journal        = "JHEP",
      volume         = "03",
      year           = "2011",
      pages          = "015",
      doi            = "10.1007/JHEP03(2011)015",
      eprint         = "1011.2268",
      archivePrefix  = "arXiv",
      primaryClass   = "hep-ph",
      reportNumber   = "MIT-CTP-4191",
      SLACcitation   = "%%CITATION = ARXIV:1011.2268;%%"
}
@article{Thaler:2011gf,
	Archiveprefix = {arXiv},
	Author = {Thaler, Jesse and Van Tilburg, Ken},
	Doi = {10.1007/JHEP02(2012)093},
	Eprint = {1108.2701},
	Journal = {JHEP},
	Pages = {093},
	Primaryclass = {hep-ph},
	Reportnumber = {MIT-CTP-4287},
	Slaccitation = {%%CITATION = ARXIV:1108.2701;%%},
	Title = {{Maximizing Boosted Top Identification by Minimizing N-subjettiness}},
	Volume = {02},
	Year = {2012},
	Bdsk-Url-1 = {http://dx.doi.org/10.1007/JHEP02(2012)093}}
@article{Cacciari:2008gp,
      author         = "Cacciari, Matteo and Salam, Gavin P. and Soyez, Gregory",
      title          = "{The anti-$k_t$ jet clustering algorithm}",
      journal        = "JHEP",
      volume         = "04",
      year           = "2008",
      pages          = "063",
      doi            = "10.1088/1126-6708/2008/04/063",
      eprint         = "0802.1189",
      archivePrefix  = "arXiv",
      primaryClass   = "hep-ph",
      reportNumber   = "LPTHE-07-03",
      SLACcitation   = "%%CITATION = ARXIV:0802.1189;%%"
}

@article{Cacciari:2005hq,
      author         = "Cacciari, Matteo and Salam, Gavin P.",
      title          = "{Dispelling the $N^{3}$ myth for the $k_t$ jet-finder}",
      journal        = "Phys. Lett.",
      volume         = "B641",
      year           = "2006",
      pages          = "57",
      doi            = "10.1016/j.physletb.2006.08.037",
      eprint         = "hep-ph/0512210",
      archivePrefix  = "arXiv",
      primaryClass   = "hep-ph",
      reportNumber   = "LPTHE-05-32",
      SLACcitation   = "%%CITATION = HEP-PH/0512210;%%"
}
@article{Cacciari:2011ma,
	Archiveprefix = {arXiv},
	Author = {Cacciari, Matteo and Salam, Gavin P. and Soyez, Gregory},
	Doi = {10.1140/epjc/s10052-012-1896-2},
	Eprint = {1111.6097},
	Journal = {Eur. Phys. J.},
	Pages = {1896},
	Primaryclass = {hep-ph},
	Reportnumber = {CERN-PH-TH-2011-297},
	Slaccitation = {%%CITATION = ARXIV:1111.6097;%%},
	Title = {{FastJet User Manual}},
	Volume = {C72},
	Year = {2012},
	Bdsk-Url-1 = {http://dx.doi.org/10.1140/epjc/s10052-012-1896-2}}
@article{Selvaggi:2014mya,
      author         = "Selvaggi, Michele",
      title          = "{DELPHES 3: A modular framework for fast-simulation of
                        generic collider experiments}",
      booktitle      = "{Proceedings,  15th International Workshop on Advanced
                        Computing and Analysis Techniques in Physics Research
                        (ACAT 2013): Beijing, China, May 16-21, 2013}",
      journal        = "J. Phys. Conf. Ser.",
      volume         = "523",
      year           = "2014",
      pages          = "012033",
      doi            = "10.1088/1742-6596/523/1/012033",
      SLACcitation   = "%%CITATION = 00462,523,012033;%%"
}
@article{Mertens:2015kba,
      author         = "Mertens, Alexandre",
      title          = "{New features in Delphes 3}",
      booktitle      = "{Proceedings, 16th International workshop on Advanced
                        Computing and Analysis Techniques in physics (ACAT 14):
                        Prague, Czech Republic, September 1-5, 2014}",
      journal        = "J. Phys. Conf. Ser.",
      volume         = "608",
      year           = "2015",
      pages          = "012045",
      doi            = "10.1088/1742-6596/608/1/012045",
      SLACcitation   = "%%CITATION = 00462,608,012045;%%"
}
@article{Lazzarin:2020uvv,
    author = "Lazzarin, Marco and Alioli, Simone and Carrazza, Stefano",
    title = "{MCNNTUNES: tuning Shower Monte Carlo generators with machine learning}",
    eprint = "2010.02213",
    archivePrefix = "arXiv",
    primaryClass = "physics.comp-ph",
    month = "10",
    year = "2020"
}
@article{Sjostrand:2014zea,
      author         = "Sj{\"o}strand, Torbjorn and Ask, Stefan and Christiansen,
                        Jesper R. and Corke, Richard and Desai, Nishita and Ilten,
                        Philip and Mrenna, Stephen and Prestel, Stefan and
                        Rasmussen, Christine O. and Skands, Peter Z.",
      title          = "{An Introduction to PYTHIA 8.2}",
      journal        = "Comput. Phys. Commun.",
      volume         = "191",
      year           = "2015",
      pages          = "159-177",
      doi            = "10.1016/j.cpc.2015.01.024",
      eprint         = "1410.3012",
      archivePrefix  = "arXiv",
      primaryClass   = "hep-ph",
      reportNumber   = "LU-TP-14-36, MCNET-14-22, CERN-PH-TH-2014-190,
                        FERMILAB-PUB-14-316-CD, DESY-14-178, SLAC-PUB-16122",
      SLACcitation   = "%%CITATION = ARXIV:1410.3012;%%"
}
@article{Sjostrand:2006za,
	Archiveprefix = {arXiv},
	Author = {Sj{\"o}strand, Torbjorn and Mrenna, Stephen and Skands, Peter Z.},
	Date-Added = {2018-06-27 05:15:44 +0000},
	Date-Modified = {2018-06-27 05:15:44 +0000},
	Doi = {10.1088/1126-6708/2006/05/026},
	Eprint = {hep-ph/0603175},
	Journal = {JHEP},
	Pages = {026},
	Primaryclass = {hep-ph},
	Reportnumber = {FERMILAB-PUB-06-052-CD-T, LU-TP-06-13},
	Slaccitation = {%%CITATION = HEP-PH/0603175;%%},
	Title = {{PYTHIA 6.4 Physics and Manual}},
	Volume = {05},
	Year = {2006},
	Bdsk-Url-1 = {http://dx.doi.org/10.1088/1126-6708/2006/05/026}}
@article{deFavereau:2013fsa,
	Archiveprefix = {arXiv},
	Author = {de Favereau, J. and Delaere, C. and Demin, P. and Giammanco, A. and Lema{\^\i}tre, V. and Mertens, A. and Selvaggi, M.},
	Collaboration = {DELPHES 3},
	Doi = {10.1007/JHEP02(2014)057},
	Eprint = {1307.6346},
	Journal = {JHEP},
	Pages = {057},
	Primaryclass = {hep-ex},
	Slaccitation = {%%CITATION = ARXIV:1307.6346;%%},
	Title = {{DELPHES 3, A modular framework for fast simulation of a generic collider experiment}},
	Volume = {02},
	Year = {2014},
	Bdsk-Url-1 = {http://dx.doi.org/10.1007/JHEP02(2014)057}}
@article{Sjostrand:2007gs,
	Archiveprefix = {arXiv},
	Author = {Sj{\"o}strand, Torbjorn and Mrenna, Stephen and Skands, Peter Z.},
	Date-Added = {2018-06-27 05:15:44 +0000},
	Date-Modified = {2018-06-27 05:15:44 +0000},
	Doi = {10.1016/j.cpc.2008.01.036},
	Eprint = {0710.3820},
	Journal = {Comput. Phys. Commun.},
	Pages = {852},
	Primaryclass = {hep-ph},
	Reportnumber = {CERN-LCGAPP-2007-04, LU-TP-07-28, FERMILAB-PUB-07-512-CD-T},
	Slaccitation = {%%CITATION = ARXIV:0710.3820;%%},
	Title = {{A Brief Introduction to PYTHIA 8.1}},
	Volume = {178},
	Year = {2008},
	Bdsk-Url-1 = {http://dx.doi.org/10.1016/j.cpc.2008.01.036}}
@inproceedings{10.5555/3294996.3295098, author = {Zaheer, Manzil and Kottur, Satwik and Ravanbhakhsh, Siamak and P\'{o}czos, Barnab\'{a}s and Salakhutdinov, Ruslan and Smola, Alexander J}, title = {Deep Sets}, year = {2017}, isbn = {9781510860964}, publisher = {Curran Associates Inc.}, address = {Red Hook, NY, USA}, abstract = {We study the problem of designing models for machine learning tasks defined on sets. In contrast to traditional approach of operating on fixed dimensional vectors, we consider objective functions defined on sets that are invariant to permutations. Such problems are widespread, ranging from estimation of population statistics [1], to anomaly detection in piezometer data of embankment dams [2], to cosmology [3, 4]. Our main theorem characterizes the permutation invariant functions and provides a family of functions to which any permutation invariant objective function must belong. This family of functions has a special structure which enables us to design a deep network architecture that can operate on sets and which can be deployed on a variety of scenarios including both unsupervised and supervised learning tasks. We also derive the necessary and sufficient conditions for permutation equivariance in deep models. We demonstrate the applicability of our method on population statistic estimation, point cloud classification, set expansion, and outlier detection.}, booktitle = {Proceedings of the 31st International Conference on Neural Information Processing Systems}, pages = {3394–3404}, numpages = {11}, location = {Long Beach, California, USA}, series = {NIPS'17} }

@article{Chatrchyan:2012jua,
    author = "Chatrchyan, Serguei and others",
    collaboration = "CMS",
    title = "{Identification of b-Quark Jets with the CMS Experiment}",
    eprint = "1211.4462",
    archivePrefix = "arXiv",
    primaryClass = "hep-ex",
    reportNumber = "CMS-BTV-12-001, CERN-PH-EP-2012-262",
    doi = "10.1088/1748-0221/8/04/P04013",
    journal = "JINST",
    volume = "8",
    pages = "P04013",
    year = "2013"
}
@article{Aaboud:2018xwy,
    author = "Aaboud, Morad and others",
    collaboration = "ATLAS",
    title = "{Measurements of b-jet tagging efficiency with the ATLAS detector using $ t\overline{t} $ events at $ \sqrt{s}=13 $ TeV}",
    eprint = "1805.01845",
    archivePrefix = "arXiv",
    primaryClass = "hep-ex",
    reportNumber = "CERN-EP-2018-047",
    doi = "10.1007/JHEP08(2018)089",
    journal = "JHEP",
    volume = "08",
    pages = "089",
    year = "2018"
}

@article{adam,
  title={Adam: A method for stochastic optimization},
  author={Kingma, Diederik and Ba, Jimmy},
  eprint = "1412.6980",
  archivePrefix  = "arXiv",
  primaryClass = "cs",
  year={2014}
}
@article{Komiske:2018cqr,
    author = "Komiske, Patrick T. and Metodiev, Eric M. and Thaler, Jesse",
    title = "{Energy Flow Networks: Deep Sets for Particle Jets}",
    eprint = "1810.05165",
    archivePrefix = "arXiv",
    primaryClass = "hep-ph",
    reportNumber = "MIT-CTP 5064",
    doi = "10.1007/JHEP01(2019)121",
    journal = "JHEP",
    volume = "01",
    pages = "121",
    year = "2019"
}
@inproceedings{tensorflow,
  title={TensorFlow: A System for Large-Scale Machine Learning.},
  author={Abadi, Mart{\'\i}n and Barham, Paul and Chen, Jianmin and Chen, Zhifeng and Davis, Andy and Dean, Jeffrey and Devin, Matthieu and Ghemawat, Sanjay and Irving, Geoffrey and Isard, Michael and others},
  booktitle={OSDI},
  volume={16},
  pages={265--283},
  year={2016}
}
@misc{keras,
  author = {Chollet, Fraciois},
  title = {Keras},
  year = {2017},
  publisher = {GitHub},
  journal = {GitHub repository},
  howpublished = {\url{https://github.com/fchollet/keras}},
  commit = {82ca6d418588ccd61d663ec8029937290b62d583}
}
@article{Andreassen:2020nkr,
    author = "Andreassen, Anders and Nachman, Benjamin and Shih, David",
    title = "{Simulation Assisted Likelihood-free Anomaly Detection}",
    eprint = "2001.05001",
    archivePrefix = "arXiv",
    primaryClass = "hep-ph",
    doi = "10.1103/PhysRevD.101.095004",
    journal = "Phys. Rev. D",
    volume = "101",
    number = "9",
    pages = "095004",
    year = "2020"
}
@dataset{kasieczka_gregor_2019_4287846,
  author       = {Kasieczka, Gregor and
                  Nachman, Benjamin and
                  Shih, David},
  title        = {{Official Datasets for LHC Olympics 2020 Anomaly 
                   Detection Challenge}},
  month        = nov,
  year         = 2019,
  publisher    = {Zenodo},
  version      = {v5},
  doi          = {10.5281/zenodo.4287846},
  url          = {https://doi.org/10.5281/zenodo.4287846}
}
@dataset{anders_andreassen_2020_4067673,
  author       = {Anders Andreassen and
                  Shih-Chieh Hsu and
                  Benjamin Nachman and
                  Natchanon Suaysom and
                  Adi Suresh},
  title        = {SRGN: Pythia + Delphes pp --> tt-bar},
  month        = oct,
  year         = 2020,
  publisher    = {Zenodo},
  version      = {v0},
  doi          = {10.5281/zenodo.4067673},
  url          = {https://doi.org/10.5281/zenodo.4067673}
}
@article{Bourilkov:2019yoi,
    author = "Bourilkov, Dimitri",
    title = "{Machine and Deep Learning Applications in Particle Physics}",
    eprint = "1912.08245",
    archivePrefix = "arXiv",
    primaryClass = "physics.data-an",
    doi = "10.1142/S0217751X19300199",
    journal = "Int. J. Mod. Phys. A",
    volume = "34",
    number = "35",
    pages = "1930019",
    year = "2020"
}

@inproceedings{kingma2014autoencoding,
  added-at = {2019-12-16T11:21:55.000+0100},
  author = {Kingma, Diederik P. and Welling, Max},
  biburl = {https://www.bibsonomy.org/bibtex/27762d5bd68aba369026cb397aa011bcf/annakrause},
  booktitle = {ICLR},
  crossref = {conf/iclr/2014},
  editor = {Bengio, Yoshua and LeCun, Yann},
  ee = {http://arxiv.org/abs/1312.6114},
  interhash = {a626a9d77a123c52405a08da983203cb},
  intrahash = {7762d5bd68aba369026cb397aa011bcf},
  keywords = {autoencoder bayesianlearning machinelearning},
  timestamp = {2019-12-16T11:22:29.000+0100},
  title = {Auto-Encoding Variational Bayes.},
  url = {http://dblp.uni-trier.de/db/conf/iclr/iclr2014.html#KingmaW13},
  year = 2014
}

@inproceedings{NIPS2014_5ca3e9b1,
 author = {Goodfellow, Ian and Pouget-Abadie, Jean and Mirza, Mehdi and Xu, Bing and Warde-Farley, David and Ozair, Sherjil and Courville, Aaron and Bengio, Yoshua},
 booktitle = {Advances in Neural Information Processing Systems},
 editor = {Z. Ghahramani and M. Welling and C. Cortes and N. Lawrence and K. Q. Weinberger},
 pages = {2672--2680},
 publisher = {Curran Associates, Inc.},
 title = {Generative Adversarial Nets},
 url = {https://proceedings.neurips.cc/paper/2014/file/5ca3e9b122f61f8f06494c97b1afccf3-Paper.pdf},
 volume = {27},
 year = {2014}
}



@misc{carrara2019estimation,
      title={On the Estimation of Mutual Information}, 
      author={Nicholas Carrara and Jesse Ernst},
      year={2019},
      eprint={1910.00365},
      archivePrefix={arXiv},
      primaryClass={physics.data-an}
}

@InProceedings{pmlr-v37-rezende15, title = {Variational Inference with Normalizing Flows}, author = {Danilo Rezende and Shakir Mohamed}, booktitle = {Proceedings of the 32nd International Conference on Machine Learning}, pages = {1530--1538}, year = {2015}, editor = {Francis Bach and David Blei}, volume = {37}, series = {Proceedings of Machine Learning Research}, address = {Lille, France}, month = {07--09 Jul}, publisher = {PMLR}, pdf = {http://proceedings.mlr.press/v37/rezende15.pdf}, url = {http://proceedings.mlr.press/v37/rezende15.html} }

@misc{brehmer2020flows,
      title={Flows for simultaneous manifold learning and density estimation}, 
      author={Johann Brehmer and Kyle Cranmer},
      year={2020},
      eprint={2003.13913},
      archivePrefix={arXiv},
      primaryClass={stat.ML}
}

@article{1910.03773,
      author="S. Cheong, A. Cukierman, B. Nachman, M. Safdari, A. Schwartzman",
      title="{Parametrizing the Detector Response with Neural Networks}",
      eprint="1910.03773",
      archivePrefix = "arXiv",
      primaryClass = "physics.data-an",
      journal = "JINST",
      volume = "15",
      pages = "P01030",
      doi = "10.1088/1748-0221/15/01/P01030",
      year = "2020",
}


@article{Nachman:2020lpy,
    author = "Nachman, Benjamin and Shih, David",
    title = "{Anomaly Detection with Density Estimation}",
    eprint = "2001.04990",
    archivePrefix = "arXiv",
    primaryClass = "hep-ph",
    doi = "10.1103/PhysRevD.101.075042",
    journal = "Phys. Rev. D",
    volume = "101",
    pages = "075042",
    year = "2020"
}

@article{Radovic:2018dip,
    author = "Radovic, Alexander and others",
    doi = "10.1038/s41586-018-0361-2",
    journal = "Nature",
    number = "7716",
    pages = "41--48",
    reportNumber = "FERMILAB-PUB-18-436-ND",
    title = "{Machine learning at the energy and intensity frontiers of particle physics}",
    volume = "560",
    year = "2018"
}

@article{neyman1933ix,
	Author = {Neyman, Jerzy and Pearson, Egon S},
	Journal = {Phil. Trans. R. Soc. Lond. A},
	Pages = {289},
	Publisher = {The Royal Society},
	Title = {On the problem of the most efficient tests of statistical hypotheses},
	Volume = {231},
	Year = {1933}}

@article{Guest:2018yhq,
    author = "Guest, Dan and Cranmer, Kyle and Whiteson, Daniel",
    title = "{Deep Learning and its Application to LHC Physics}",
    eprint = "1806.11484",
    archivePrefix = "arXiv",
    primaryClass = "hep-ex",
    doi = "10.1146/annurev-nucl-101917-021019",
    journal = "Ann. Rev. Nucl. Part. Sci.",
    volume = "68",
    pages = "161--181",
    year = "2018"
}

@article{Albertsson:2018maf,
      author         = "Albertsson, Kim and others",
      title          = "{Machine Learning in High Energy Physics Community White Paper}",
      year           = "2018",
      eprint         = "1807.02876",
      archivePrefix  = "arXiv",
      primaryClass   = "physics.comp-ph",
      reportNumber   = "FERMILAB-PUB-18-318-CD-DI-PPD",
      SLACcitation   = "%%CITATION = ARXIV:1807.02876;%%"
}

@article{Larkoski:2017jix,
    author = "Larkoski, Andrew J. and Moult, Ian and Nachman, Benjamin",
    archivePrefix = "arXiv",
    doi = "10.1016/j.physrep.2019.11.001",
    eprint = "1709.04464",
    journal = "Phys. Rept.",
    pages = "1--63",
    primaryClass = "hep-ph",
    title = "{Jet Substructure at the Large Hadron Collider: A Review of Recent Advances in Theory and Machine Learning}",
    volume = "841",
    year = "2020"
}


@article{Stoye:2018ovl,
      author         = "Stoye, Markus and Brehmer, Johann and Louppe, Gilles and
                        Pavez, Juan and Cranmer, Kyle",
      title          = "{Likelihood-free inference with an improved cross-entropy
                        estimator}",
      year           = "2018",
      eprint         = "1808.00973",
      archivePrefix  = "arXiv",
      primaryClass   = "stat.ML",
      SLACcitation   = "%%CITATION = ARXIV:1808.00973;%%"
}
@article{Hollingsworth:2020kjg,
      author         = "Hollingsworth, Jacob and Whiteson, Daniel",
      title          = "{Resonance Searches with Machine Learned Likelihood
                        Ratios}",
      year           = "2020",
      eprint         = "2002.04699",
      archivePrefix  = "arXiv",
      primaryClass   = "hep-ph",
      SLACcitation   = "%%CITATION = ARXIV:2002.04699;%%"
}
@article{Brehmer:2018kdj,
author         = "Brehmer, Johann and Cranmer, Kyle and Louppe, Gilles and
                  Pavez, Juan",
title          = "{Constraining Effective Field Theories with Machine
                  Learning}",
year           = "2018",
eprint         = "1805.00013",
archivePrefix  = "arXiv",
primaryClass   = "hep-ph",
SLACcitation   = "%%CITATION = ARXIV:1805.00013;%%"
}
@article{Brehmer:2018eca,
author         = "Brehmer, Johann and Cranmer, Kyle and Louppe, Gilles and
                  Pavez, Juan",
title          = "{A Guide to Constraining Effective Field Theories with
                  Machine Learning}",
year           = "2018",
eprint         = "1805.00020",
archivePrefix  = "arXiv",
primaryClass   = "hep-ph",
SLACcitation   = "%%CITATION = ARXIV:1805.00020;%%"
}
@article{Brehmer:2020vwc,
    author = "Brehmer, Johann and Cranmer, Kyle",
    archivePrefix = "arXiv",
    eprint = "2003.13913",
    month = "3",
    primaryClass = "stat.ML",
    title = "{Flows for simultaneous manifold learning and density estimation}",
    year = "2020"
}
@article{Brehmer:2019xox,
    author = "Brehmer, Johann and Kling, Felix and Espejo, Irina and Cranmer, Kyle",
    archivePrefix = "arXiv",
    doi = "10.1007/s41781-020-0035-2",
    eprint = "1907.10621",
    journal = "Comput. Softw. Big Sci.",
    number = "1",
    pages = "3",
    primaryClass = "hep-ph",
    title = "{MadMiner: Machine learning-based inference for particle physics}",
    volume = "4",
    year = "2020"
}
@article{Andreassen:2019cjw,
    author = "Andreassen, Anders and Komiske, Patrick T. and Metodiev, Eric M. and Nachman, Benjamin and Thaler, Jesse",
    title = "{OmniFold: A Method to Simultaneously Unfold All Observables}",
    eprint = "1911.09107",
    archivePrefix = "arXiv",
    primaryClass = "hep-ph",
    reportNumber = "MIT-CTP 5155",
    doi = "10.1103/PhysRevLett.124.182001",
    journal = "Phys. Rev. Lett.",
    volume = "124",
    number = "18",
    pages = "182001",
    year = "2020"
}
@article{Brehmer:2018hga,
    author = "Brehmer, Johann and Louppe, Gilles and Pavez, Juan and Cranmer, Kyle",
    archivePrefix = "arXiv",
    doi = "10.1073/pnas.1915980117",
    eprint = "1805.12244",
    journal = "Proc. Nat. Acad. Sci.",
    pages = "201915980",
    primaryClass = "stat.ML",
    title = "{Mining gold from implicit models to improve likelihood-free inference}",
    year = "2020"
}
@article{Baldi:2016fzo,
    author = "Baldi, Pierre and Cranmer, Kyle and Faucett, Taylor and Sadowski, Peter and Whiteson, Daniel",
    title = "{Parameterized neural networks for high-energy physics}",
    eprint = "1601.07913",
    archivePrefix = "arXiv",
    primaryClass = "hep-ex",
    doi = "10.1140/epjc/s10052-016-4099-4",
    journal = "Eur. Phys. J. C",
    volume = "76",
    number = "5",
    pages = "235",
    year = "2016"
}
@article{Cranmer:2015bka,
    author = "Cranmer, Kyle and Pavez, Juan and Louppe, Gilles",
    archivePrefix = "arXiv",
    eprint = "1506.02169",
    month = "6",
    primaryClass = "stat.AP",
    title = "{Approximating Likelihood Ratios with Calibrated Discriminative  Classifiers}",
    year = "2015"
}
@inproceedings{Fischer-ACAT2019,
      author         = "Erdmann, M. and Fischer, B. and Noll, D. and Rath, Y. and Rieger, M. and Schmidt, D.",
      title          = "{Adversarial Neural Network-based data-simulation corrections for jet-tagging at CMS}",
      booktitle      = "{Proc. 19th Int. Workshop on Adv. Comp., Anal. Techn. in Phys. Research, ACAT2019}",
      year           = "2019",
      venue          = "{Saas Fee, Switzerland}"
}
	@book{hastie01statisticallearning,
  added-at = {2008-05-16T16:17:42.000+0200},
  address = {New York, NY, USA},
  author = {Hastie, Trevor and Tibshirani, Robert and Friedman, Jerome},
  biburl = {https://www.bibsonomy.org/bibtex/2f58afc5c9793fcc8ad8389824e57984c/sb3000},
  interhash = {d585aea274f2b9b228fc1629bc273644},
  intrahash = {f58afc5c9793fcc8ad8389824e57984c},
  keywords = {ml statistics},
  publisher = {Springer New York Inc.},
  series = {Springer Series in Statistics},
  timestamp = {2008-05-16T16:17:43.000+0200},
  title = {The Elements of Statistical Learning},
  year = 2001
}
@article{Badiali:2020wal,
    author = "Badiali, C. and Di Bello, F.A. and Frattari, G. and Gross, E. and Ippolito, V. and Kado, M. and Shlomi, J.",
    title = "{Efficiency Parameterization with Neural Networks}",
    eprint = "2004.02665",
    archivePrefix = "arXiv",
    primaryClass = "hep-ex",
    month = "4",
    year = "2020"
}
@article{efron1979,
author = "Efron, B.",
doi = "10.1214/aos/1176344552",
fjournal = "Annals of Statistics",
journal = "Ann. Statist.",
month = "01",
number = "1",
pages = "1--26",
publisher = "The Institute of Mathematical Statistics",
title = "Bootstrap Methods: Another Look at the Jackknife",
url = "https://doi.org/10.1214/aos/1176344552",
volume = "7",
year = "1979"
}
@book{sugiyama_suzuki_kanamori_2012, place={Cambridge}, title={Density Ratio Estimation in Machine Learning}, DOI={10.1017/CBO9781139035613}, publisher={Cambridge University Press}, author={Sugiyama, Masashi and Suzuki, Taiji and Kanamori, Takafumi}, year={2012}}

@article{Lai:2020byl,
    author = "Lai, Yue Shi and Neill, Duff and P\l{}osko\'n, Mateusz and Ringer, Felix",
    title = "{Explainable machine learning of the underlying physics of high-energy particle collisions}",
    eprint = "2012.06582",
    archivePrefix = "arXiv",
    primaryClass = "hep-ph",
    month = "12",
    year = "2020"
}

